,id,Category,Name,Amount,Unit,List_Price,Price_per_unit_of_measure,Currency
0,2076239,mercearia,Atum em Azeite,0.12,KG,1.22,14.19,€
1,7405690,mercearia,Cápsulas de Café Buondi Int 8,64.0,UN,18.99,0.30,€
2,2113579,mercearia,Atum Filetes em Azeite,0.12,KG,2.53,32.44,€
3,2305902,mercearia,Arroz Agulha,1.0,KG,1.59,1.59,€
4,7106089,mercearia,Batata Frita Gourmet Lisa Corte Fino,0.15,KG,2.69,17.93,€
5,2062765,mercearia,Massa Esparguete,0.5,KG,1.16,2.32,€
6,5181067,mercearia,Bolachas Marinheiras com Chia,0.2,KG,2.14,10.70,€
7,2546351,mercearia,Atum ao Natural,0.12,KG,1.12,13.33,€
8,4949515,mercearia,Arroz Basmati,1.0,KG,2.06,2.06,€
9,7244148,mercearia,Tablete de Chocolate de Leite Extrafino sem Glúten,0.27,KG,4.25,15.74,€
10,2533075,mercearia,Atum Posta em Azeite,0.12,KG,1.78,22.82,€
11,5254224,mercearia,Massa Esparguete,0.5,KG,0.75,1.50,€
12,7554421,mercearia,Nestum Mel +3A,0.6,KG,4.25,7.08,€
14,7067924,mercearia,Cápsulas de Café Original Int 8,10.0,UN,4.29,0.43,€
15,7099734,mercearia,Azeite Virgem Extra Selecionado Pet,0.75,LT,5.17,6.89,€
16,2219043,mercearia,Adoçante Recarga,5.0,KG,5.44,129.52,€
17,7174207,mercearia,Leite em Pó Confort 2 +6M sem Glúten,0.8,KG,20.5,25.63,€
18,7394989,mercearia,Cápsulas de Café Qalidus Int 10,80.0,UN,22.99,0.29,€
19,7501512,mercearia,Bolachas Magic Dibus Mix & Go com Recheio de Creme,0.208,KG,1.29,6.20,€
20,6838666,mercearia,Mini Muffins Little Bites,0.188,KG,2.19,13.04,€
21,6593381,mercearia,Farinha com Cacau e Alfarroba Pensal +3A,0.25,KG,2.59,10.36,€
22,2700058,mercearia,Arroz Basmati Brajma Pronto a Comer sem Glúten,2.0,KG,1.55,6.20,€
23,2463432,mercearia,Bolachas Mini Pepitas de Chocolate,0.16,KG,2.29,14.31,€
24,4906498,mercearia,Bolo Planetus,0.31,KG,2.89,9.32,€
25,2003596,mercearia,Grão de Bico Cozido sem Glúten,0.41,KG,0.99,4.23,€
26,5038799,mercearia,Açúcar Branco,1.0,KG,1.39,1.39,€
28,7082533,mercearia,Azeite,0.75,LT,3.95,5.27,€
29,7241155,mercearia,Atum Posta ao Natural,0.12,KG,0.93,10.94,€
31,5096631,mercearia,"Doses Fruta Maçã, Banana, Laranja e Ananás Kids +3A",3.0,LT,1.83,5.55,€
32,6715842,mercearia,Bolachas Maria,0.8,KG,1.89,2.36,€
33,4310776,mercearia,Tomate em Pedaços,0.39,KG,0.89,2.28,€
34,7413055,mercearia,Batata Frita Palha Pack Poupança,0.4,KG,2.09,5.23,€
35,2433639,mercearia,Grão de Bico Cozido sem Glúten,0.54,KG,0.89,2.23,€
36,3697794,mercearia,Atum em Azeite,0.12,KG,1.02,12.00,€
37,2144985,mercearia,Salsichas Frankfurt Lata 10 un,0.38,KG,1.15,4.60,€
38,5986408,mercearia,Azeite Virgem Extra,0.75,LT,4.42,5.89,€
39,3003826,mercearia,Cogumelos Laminados sem Glúten,0.355,KG,1.19,6.43,€
40,6927230,mercearia,Arroz Agulha Europa,1.0,KG,1.12,1.12,€
41,5409202,mercearia,Azeite Virgem Extra Sublime,0.75,LT,5.46,7.28,€
42,2478141,mercearia,Cereais Chocapic,0.625,KG,3.74,5.98,€
43,7205706,mercearia,Caju Torrado sem Sal,0.2,KG,3.29,16.45,€
44,2533100,mercearia,Atum Posta ao Natural,0.12,KG,1.78,21.19,€
45,5971304,mercearia,Cogumelos Laminados sem Glúten,3.0,KG,2.25,7.14,€
46,4898365,mercearia,Polpa de Tomate,0.5,KG,0.99,1.98,€
47,5253941,mercearia,Massa Esparguete Pack Poupança,1.0,KG,1.31,1.31,€
48,3697795,mercearia,Atum Posta ao Natural,0.12,KG,0.93,10.94,€
50,7702575,mercearia,Massa Esparguete,0.55,KG,1.21,2.42,€
51,7267765,mercearia,Saqueta de Fruta Banana e Morango +8M,0.09,KG,0.74,8.22,€
52,2060683,mercearia,Massa Espirais,0.5,KG,0.7,1.40,€
53,2003646,mercearia,Atum Posta em Óleo sem Glúten,0.12,KG,1.18,15.13,€
54,7273629,mercearia,Saqueta de Fruta Maçã e Banana +8M,0.09,KG,0.74,8.22,€
55,7273631,mercearia,Saqueta de Fruta Maçã e Manga +8M,0.09,KG,0.74,8.22,€
57,4333509,mercearia,Polpa de Tomate,3.0,KG,1.49,2.37,€
58,4915129,mercearia,Bolachas Recheadas Cacau,0.5,KG,1.59,3.18,€
59,6998175,mercearia,Miolo de Caju Cru,0.2,KG,2.79,13.95,€
60,6998166,mercearia,Miolo de Caju com Sal,0.2,KG,2.65,13.25,€
61,3027230,mercearia,Doses Fruta Manga +3A,3.0,LT,1.83,5.55,€
63,7314138,mercearia,Atum ao Natural,0.385,KG,2.53,9.37,€
64,2417163,mercearia,Massa Fusilli,0.5,KG,2.44,4.88,€
65,7275586,mercearia,Saqueta de Frutos Tropicais +8M,0.09,KG,0.74,8.22,€
66,6998176,mercearia,Miolo de Noz Metades,0.2,KG,2.49,12.45,€
67,2384483,mercearia,Milho Doce sem Glúten,3.0,KG,3.99,9.50,€
68,4738050,mercearia,Arroz Carolino,1.0,KG,1.31,1.31,€
69,7430567,mercearia,Atum Posta em Azeite,0.12,KG,2.06,26.41,€
70,4386982,mercearia,Batata Frita Lisa Azeite,0.15,KG,1.19,7.93,€
71,6432839,mercearia,Milho Doce sem Glúten,3.0,KG,1.89,4.50,€
72,7654429,mercearia,Atum Posta em Azeite,0.12,KG,1.02,12.00,€
74,7405693,mercearia,Cápsulas de Café Ardenza Int 11,64.0,UN,18.99,0.30,€
75,3646700,mercearia,Doses Fruta Pêssego +3A,3.0,LT,1.83,5.55,€
76,7324551,mercearia,Batata Frita Ondulada Pack Poupança,0.24,KG,1.39,5.79,€
77,7273640,mercearia,"Saqueta de Fruta Pêssego, Maçã e Banana +8M",0.09,KG,0.74,8.22,€
78,3027240,mercearia,Doses Fruta Pera +3A,3.0,LT,1.83,5.55,€
79,2893574,mercearia,Azeite Subtil,0.75,LT,4.7,6.27,€
80,7273638,mercearia,Saqueta de Fruta Multifrutos +8M,0.09,KG,0.74,8.22,€
81,7273633,mercearia,Saqueta de Fruta Maçã e Morango +8M,0.09,KG,0.74,8.22,€
82,2003334,mercearia,Massa Espirais Fusilli Tricolor,0.5,KG,1.21,2.42,€
83,3697798,mercearia,Atum em Óleo,0.12,KG,0.93,10.94,€
84,5569427,mercearia,Atum Posta em Azeite,0.385,KG,5.36,21.35,€
85,5784467,mercearia,Saqueta de Fruta Multifrutas +6M,0.09,KG,0.74,8.22,€
86,6206407,mercearia,Saqueta de Fruta Maçã e Manga +6M,0.09,KG,0.74,8.22,€
87,3646699,mercearia,Doses Fruta Maçã +3A,3.0,LT,1.83,5.55,€
88,2003582,mercearia,Feijão Frade Cozido,0.41,KG,0.99,4.23,€
89,2003591,mercearia,Grão de Bico Cozido sem Glúten,0.845,KG,1.99,4.25,€
90,5508158,mercearia,Bolachas Belgas,0.22,KG,1.99,9.05,€
92,4090345,mercearia,Doses Fruta Frutos Vermelhos +3A,3.0,LT,1.83,5.55,€
93,6498858,mercearia,Salsichas de Aves Lata 8 un sem Glúten,0.35,KG,1.09,5.45,€
94,7519494,mercearia,Saqueta de Fruta Maçã e Pera +8M,0.09,KG,0.74,8.22,€
95,5058932,mercearia,Bolachas de Chocolate com Recheio de Creme,0.44,KG,3.99,9.07,€
96,7379477,mercearia,Batata Frita Ondulada Sal,0.16,KG,1.99,12.44,€
97,foodbarillaspaghettipesto,mercearia,Esparguete com Molho Pesto Alla Genovese,1.0,UN,4.9,4.90,€
98,5359523,mercearia,Saqueta de Fruta Banana e Maçã +4M,0.09,KG,0.74,8.22,€
99,4954144,mercearia,Arroz Vaporizado,1.0,KG,1.12,1.12,€
100,7405694,mercearia,Cápsulas de Café Sical Int 7,64.0,UN,18.99,0.30,€
101,4272742,mercearia,Batata Frita Lisa Light Original,0.14,KG,2.15,15.36,€
102,2167599,mercearia,Doce Pêssego,0.33,KG,2.99,9.06,€
103,7553596,mercearia,Salsichas Perú e Ervas Aromáticas Lata 8 un,0.35,KG,2.39,14.94,€
104,2005214,mercearia,Salsichas Frankfurt Originais Lata 10 un,0.38,KG,2.09,8.36,€
105,4727785,mercearia,Salsichas de Aves Frankfurt Lata 8 un,0.35,KG,1.39,6.95,€
106,7434253,mercearia,Cogumelos Laminados sem Glúten,0.355,KG,1.09,5.89,€
107,2665109,mercearia,Massa Macarronete Penne Grande Riscado,0.5,KG,1.65,3.30,€
108,2116731,mercearia,Doce Extra de Tomate,0.375,KG,1.79,4.77,€
109,7243789,mercearia,Saqueta de Fruta Multifrutos e Espelta +8M,0.09,KG,0.74,8.22,€
110,5982563,mercearia,Tomate Pelado Inteiro,0.39,KG,0.96,2.46,€
111,7029093,mercearia,Miolo de Amêndoa Torrada,0.2,KG,3.09,15.45,€
112,2769753,mercearia,Arroz Carolino,1.0,KG,2.16,2.16,€
113,7636698,mercearia,Pastilhas Elásticas Spearmint,0.072,KG,3.29,45.69,€
114,6998092,mercearia,Miolo de Amendoim Torrado,0.2,KG,1.09,5.45,€
115,7273637,mercearia,"Saqueta de Fruta Maçã, Banana e Laranja +8M",0.09,KG,0.74,8.22,€
116,5662517,mercearia,Tomate Pelado em Pedaços,0.39,KG,1.46,3.74,€
117,2910025,mercearia,Massa Esparguete Tricolor,0.5,KG,1.21,2.42,€
118,6206400,mercearia,"Saqueta de Fruta Maçã, Banana e Morango +8M",0.09,KG,0.74,8.22,€
119,2395874,mercearia,Feijão Preto Cozido,0.41,KG,0.99,4.23,€
120,4387782,mercearia,Tomate Pelado,0.78,KG,1.29,1.65,€
121,7029178,mercearia,Miolo de Amêndoa com Pele,0.2,KG,2.19,10.95,€
122,7273627,mercearia,Saqueta de Fruta Maçã e Ananás +8M,0.09,KG,0.74,8.22,€
123,2003564,mercearia,Feijão Manteiga Cozido,0.41,KG,0.99,4.23,€
124,3872611,mercearia,Bolachas com Pepitas de Chocolate,0.15,KG,1.09,7.27,€
125,2108568,mercearia,Salsichas Cocktail Lata,0.35,KG,1.64,9.11,€
126,7636694,mercearia,Pastilhas Elásticas Peppermint,0.072,KG,3.29,45.69,€
127,7214720,mercearia,Puré de Fruta 8 Frutos +3A,0.09,KG,0.99,11.00,€
128,4042147,mercearia,Massa Farfalle,0.5,KG,2.44,4.88,€
129,2003577,mercearia,Feijão Encarnado Cozido,0.41,KG,0.99,4.23,€
130,5411515,mercearia,Tomate Triturado,0.39,KG,0.69,1.77,€
131,2417128,mercearia,Massa Penne Rigate,0.5,KG,2.44,4.88,€
132,2003566,mercearia,Feijão Branco Cozido,0.845,KG,1.99,4.23,€
134,5638662,mercearia,Bolachas Belgas Cobertas com Chocolate,0.198,KG,2.09,10.56,€
135,2003571,mercearia,Feijão Branco Cozido,0.41,KG,0.99,4.23,€
136,7631992,mercearia,Patê com Caça,0.11,KG,1.99,18.09,€
137,2203031,mercearia,Arroz Carolino,1.0,KG,1.49,1.49,€
138,7314143,mercearia,Atum ao Natural,0.11,KG,0.83,10.78,€
139,7267760,mercearia,"Saqueta de Fruta Banana, Morango e Quinoa +8M",0.09,KG,0.74,8.22,€
140,3699133,mercearia,Arroz Basmati Extra Longo,1.0,KG,2.39,2.39,€
141,7519437,mercearia,Batata Frita Gourmet Original,0.17,KG,2.69,15.82,€
142,7453436,mercearia,Saqueta de Fruta Banana e Morango Frutapura +8M,0.085,UN,1.09,12.82,€
143,3850433,mercearia,Salsichas de Aves Lata 8 un,0.35,KG,1.69,8.45,€
144,2015465,mercearia,Massa Macarrão Riscado,0.5,KG,0.93,1.86,€
145,2859762,mercearia,Feijão Preto Cozido,0.82,KG,1.19,2.29,€
146,7082810,mercearia,Cereais Pétalas de Chocolate Pack Poupança,1.0,KG,3.65,3.65,€
147,7407782,mercearia,Cápsulas de Café Buondi Extreme Int 12,10.0,UN,4.29,0.43,€
148,4905741,mercearia,Puré de Batata sem Glúten,0.25,KG,2.99,11.96,€
149,4951641,mercearia,Bolachas Mini Dinossauros Cereais,0.12,KG,0.99,8.25,€
150,6036897,mercearia,Lagartos,0.75,KG,2.79,3.72,€
151,7267776,mercearia,Saqueta de Frutos Multifrutos e Aveia +8M,0.09,KG,0.74,8.22,€
152,6748433,mercearia,Massa Esparguete Integral,0.5,KG,2.82,5.64,€
153,5884008,mercearia,Massa Penne Rigate sem Glúten,0.4,KG,2.91,7.28,€
154,6869201,mercearia,Azeite Virgem Extra Essencial,0.75,LT,4.59,6.12,€
155,4558629,mercearia,Bolachas Argolinhas com Cobertura Chocolate Branco,0.15,KG,0.79,5.27,€
156,7246729,mercearia,Flocos Aveia Finos Integral Pack Poupança,1.0,KG,1.75,1.75,€
157,6580640,mercearia,Arroz Integral Extra Longo,1.0,KG,2.0,2.00,€
158,5818193,mercearia,Maionese em Vidro,0.48,LT,4.89,10.19,€
159,4896095,mercearia,Batata Frita Forno Ondulada Original,0.15,KG,2.69,17.93,€
160,5508727,mercearia,Salsichas Bockwurst Frasco 5 un sem Glúten,0.38,KG,2.99,11.96,€
161,4999431,mercearia,Bolachas Cracker,0.25,KG,2.65,10.60,€
162,6217948,mercearia,Gressinos Naturais,5.0,KG,1.5,6.00,€
163,5590144,mercearia,Filete Atum em Azeite Biológico,0.12,KG,2.72,34.87,€
164,6592536,mercearia,Feijão Frade Cozido,0.54,KG,0.89,2.23,€
165,6818160,mercearia,Atum Posta em Azeite,0.12,KG,1.03,13.21,€
166,5752106,mercearia,Café Moído Moagem Grossa,0.25,KG,1.79,7.16,€
167,2214127,mercearia,Massa Espirais Fusilli,0.5,KG,1.12,2.24,€
168,6661002,mercearia,Açúcar Amarelo,1.0,KG,1.59,1.59,€
169,4773653,mercearia,Bolachas Crackers com Sal,0.5,KG,1.89,3.78,€
170,4359160,mercearia,Cereais Especial Silhueta com Chocolate Negro,0.375,KG,2.29,6.11,€
171,6998057,mercearia,Miolo de Amendoim com Sal,0.2,KG,0.99,4.95,€
172,2965860,mercearia,Grão de Bico Cozido sem Glúten,0.82,KG,2.39,4.60,€
173,4080912,mercearia,Cogumelos Laminados sem Glúten,0.29,KG,1.19,7.68,€
174,2005830,mercearia,Batata Frita Ondulada,0.2,KG,1.29,6.45,€
175,6882336,mercearia,Saqueta de Fruta Maçã e Pêssego +6M,0.09,KG,0.74,8.22,€
176,7319490,mercearia,Saqueta de Fruta Tutti Frutti +12M,0.11,KG,0.84,7.64,€
177,7314137,mercearia,Atum em Óleo de Girassol,0.385,KG,2.53,10.12,€
178,2005211,mercearia,Salsichas Frankfurt Originais Lata 8 un,0.35,KG,1.69,8.45,€
179,7078329,mercearia,Batata Frita Lisa Clássica,0.17,KG,1.35,7.94,€
180,2620246,mercearia,Atum em Posta em Óleo de Girassol,0.12,KG,1.5,19.23,€
181,6950837,mercearia,Cereais Chocapic,0.74,KG,5.79,7.82,€
182,2003580,mercearia,Feijão Frade Cozido,0.845,KG,1.99,4.25,€
183,7466560,mercearia,Grão Bico Cozido sem Glúten,0.54,KG,0.89,2.23,€
184,6934229,mercearia,Bolachas Mini Marinheiras de Chia,0.05,KG,0.89,17.80,€
185,5804651,mercearia,Salsichas de Aves Hot Dog Frasco 4 un,0.43,KG,2.39,10.39,€
187,6046632,mercearia,Alho Moído em Saqueta,0.06,KG,0.69,11.50,€
188,4773581,mercearia,Bolachas Crackers sem Sal na Superfície,0.5,KG,1.89,3.78,€
189,3040677,mercearia,Arroz Basmati,2.5,KG,5.65,2.26,€
190,7143964,mercearia,Bolachas Tostadas,0.8,KG,1.79,2.24,€
191,4276091,mercearia,Bolachas Dinossauros,0.185,KG,2.29,12.38,€
192,7371366,mercearia,Bolachas Cobertas Chocolate de Leite,0.15,KG,1.29,8.60,€
193,7400660,mercearia,Filete de Cavala em Azeite,0.15,KG,1.49,17.53,€
194,7515071,mercearia,Filete Atum em Azeite,0.12,KG,1.59,13.25,€
195,6592523,mercearia,Feijão Encarnado Cozido,0.54,KG,0.89,2.23,€
196,6605902,mercearia,Atum Posta em Azeite,0.2,KG,2.94,22.62,€
197,2004428,mercearia,Farinha de Trigo Fina com Fermento,1.0,KG,1.99,1.99,€
198,4387780,mercearia,Tomate Pelado,0.39,KG,0.89,2.28,€
199,6395109,mercearia,Conjunto de Saquetas de Fruta Maçã +3A,4.0,KG,2.99,8.31,€
200,6956596,mercearia,Bolachas Magic Dibus com Recheio de Chocolate,0.22,KG,1.29,5.86,€
201,4864270,mercearia,Tomate Triturado,0.4,KG,2.39,5.98,€
202,7067810,mercearia,Cápsulas de Café Encorpado Int 9,10.0,UN,4.29,0.43,€
203,4402173,mercearia,Barras de Cereais Chocolate Negro e Amendoim,0.126,KG,1.29,10.32,€
204,6624414,mercearia,Pastilhas Elásticas Morango,0.0238,KG,1.19,49.58,€
205,6934233,mercearia,Bolachas Mini Marinheiras Naturais,0.05,KG,0.89,17.80,€
206,5253942,mercearia,Massa Fusilli Tricolor,0.5,KG,1.02,2.04,€
207,3835004,mercearia,Bolachas Maria,0.3,KG,1.69,5.63,€
208,6395158,mercearia,Conjunto de Saquetas de Fruta Maçã e Morango +3A,4.0,KG,2.99,8.31,€
209,2859483,mercearia,Feijão Manteiga Cozido,0.83,KG,1.19,2.29,€
210,5585334,mercearia,Maionese XXL Top Down,0.754,KG,5.69,7.55,€
211,5968600,mercearia,Tortitas de Milho com Sal sem Glúten,0.13,KG,0.79,6.08,€
212,6579727,mercearia,Gelatina Pronta Tangerina,0.4,KG,0.99,2.48,€
213,2533080,mercearia,Bolachas Digestivas de Aveia,0.258,KG,2.43,9.42,€
214,7319491,mercearia,Saqueta de Frutas Variadas +12M,0.11,KG,0.84,7.64,€
215,6988911,mercearia,Conjunto de Saquetas de Fruta Maçã e Frutos Tropicais +3A,4.0,KG,2.99,8.31,€
216,5359531,mercearia,Saqueta de Fruta para Bebé 4 Frutas +4M,0.09,KG,0.74,8.22,€
217,2859501,mercearia,Feijão Encarnado Cozido,0.83,KG,1.19,2.29,€
218,7635924,mercearia,Papa Infantil Farinha Láctea 40% Menos Açúcares +6M,0.9,KG,6.29,6.99,€
219,2433628,mercearia,Feijão Branco Cozido,0.54,KG,0.89,2.23,€
220,2014578,mercearia,Açúcar Areado Amarelo,1.0,KG,1.89,1.89,€
221,7626369,mercearia,Alho Moído em Saqueta,0.08,KG,1.49,18.62,€
222,2003658,mercearia,Arroz Agulha,1.0,KG,1.26,1.26,€
223,4954132,mercearia,Arroz Agulha Selecionado,1.0,KG,1.21,1.21,€
224,2595860,mercearia,Mini Tostas de Trigo,0.35,KG,1.87,5.34,€
225,7714046,mercearia,"Saqueta de Fruta Maçã, Pêssego e Abóbora +6M",0.085,KG,0.89,10.47,€
226,7267764,mercearia,"Saqueta de Fruta Maçã, Pera e Cenoura +8M",0.09,KG,0.74,8.22,€
227,2003316,mercearia,Massa Cotovelinhos,0.5,KG,1.5,3.00,€
228,2061464,mercearia,Café em Grão Torrado 5 Estrelas Lote Clássico Int 10,1.0,KG,15.99,15.99,€
229,2965845,mercearia,Feijão Frade Cozido,0.41,KG,1.29,4.96,€
230,7635921,mercearia,Papa Infantil Farinha Láctea +6M,0.9,KG,6.99,7.77,€
231,4026554,mercearia,Vinagre de Vinho Branco,0.25,LT,0.74,2.96,€
232,7740990,mercearia,Cápsulas de Café EpiQ Int 14,80.0,UN,22.99,0.29,€
233,5818170,mercearia,Polpa Tomate Passata,0.7,KG,2.79,3.99,€
234,6543462,mercearia,Bolachas Cookies com Pepitas de Chocolate,0.225,KG,1.49,6.62,€
235,6512337,mercearia,Pipocas Doces,0.15,KG,0.96,6.40,€
236,2003573,mercearia,Feijão Encarnado Cozido,0.845,KG,1.99,4.23,€
237,7141039,mercearia,Nachos de Milho com Sal,0.15,KG,1.09,7.27,€
238,5621031,mercearia,Sal Grosso,1.0,KG,0.25,0.25,€
239,7295491,mercearia,"Puré de Fruta Banana, Tangerina e Pera +8M",4.0,KG,2.29,5.73,€
240,2735731,mercearia,Feijão Frade,0.5,KG,1.97,3.94,€
241,2003522,mercearia,Polpa de Tomate,0.5,KG,1.27,2.54,€
242,5561362,mercearia,Gelatina Pronta Ananás,0.4,KG,0.95,2.38,€
243,7612057,mercearia,Cápsulas de Descafeinado Int 8,10.0,UN,4.29,0.43,€
244,5832853,mercearia,Tortitas de Milho com 54% Chocolate sem Glúten,0.13,KG,1.59,12.23,€
245,2003321,mercearia,Massa Cotovelos Grandes Riscados,0.5,KG,1.65,3.30,€
246,4833012,mercearia,Batata Frita Rodelas,0.4,KG,2.66,6.65,€
247,2305914,mercearia,Sal Marinho Grosso,1.0,KG,0.49,0.49,€
248,2014579,mercearia,Açúcar Branco de Cana,1.0,KG,1.69,1.69,€
249,4036360,mercearia,Mel de Rosmaninho,1.1,KG,12.29,11.17,€
250,2965775,mercearia,Grão de Bico Cozido sem Glúten,0.41,KG,1.29,4.96,€
251,7376254,mercearia,Batata Doce Frita,0.15,KG,1.69,11.27,€
252,7267759,mercearia,Conjunto de Saquetas de Fruta Maçã e Manga +3A,4.0,KG,2.99,8.31,€
253,7453437,mercearia,"Saqueta de Fruta Maçã, Manga e Laranja Frutapura +6M",0.085,KG,1.09,12.82,€
254,7183110,mercearia,Tortitas de Milho Mini sem Glúten,0.2,KG,1.99,9.95,€
255,5605351,mercearia,Atum Filete em Azeite,0.2,KG,4.57,32.64,€
256,3851533,mercearia,Cereais com Recheio Chocolate e Avelã,0.375,KG,1.79,4.77,€
257,7146725,mercearia,Leite de Coco,0.4,LT,1.49,3.73,€
258,7374016,mercearia,Salsichas Bockwurst Aves Frasco 9 un,0.954,KG,2.84,7.89,€
259,2004744,mercearia,Bolo com Recheio de Chocolate,0.228,KG,2.19,9.61,€
260,5732655,mercearia,Polpa de Tomate com Cebola e Alho,0.5,KG,1.29,2.58,€
261,7545517,mercearia,Cápsulas de Café Mythiq Int 15,80.0,UN,22.99,0.29,€
262,6284510,mercearia,Massa Penne Rigate,0.5,KG,2.25,4.50,€
263,6009925,mercearia,Massa Esparguete,1.0,KG,2.16,2.16,€
264,2005208,mercearia,Salsichas Frankfurt Originais Lata 6 un,0.25,KG,1.39,11.58,€
265,6811350,mercearia,Massa Esparguete,0.5,KG,1.21,2.42,€
266,2965875,mercearia,Feijão Manteiga Cozido,0.82,KG,2.39,4.60,€
267,2004174,mercearia,Caldo de Galinha Cubos,24.0,KG,4.99,20.79,€
268,6818173,mercearia,Atum Posta em Molho de Tomate e Oregãos,0.12,KG,0.99,12.69,€
269,4714094,mercearia,Bolo Glacé,0.2,KG,2.19,10.95,€
270,4411982,mercearia,"Croutons com Azeite, Alho e Salsa",0.075,KG,0.74,9.87,€
271,7698081,mercearia,Cápsulas de Café Original Int 8,18.0,UN,7.39,0.41,€
272,6016565,mercearia,Pistácio no Forno,0.07,KG,2.07,29.57,€
273,2395877,mercearia,Feijão Preto Cozido,0.845,KG,1.99,4.25,€
274,2859833,mercearia,Feijão Preto Cozido,0.42,KG,0.84,3.23,€
275,7414639,mercearia,Batata Frita Palha Finíssima,0.18,KG,1.59,8.83,€
277,7535216,mercearia,Atum Posta em Azeite,0.385,KG,3.29,13.16,€
278,5775443,mercearia,"Saqueta de Fruta Maçã, Banana e Pêssego +4M",0.1,KG,0.79,7.90,€
279,4037760,mercearia,Infusão Cidreira Saquetas,20.0,UN,1.39,0.07,€
280,2005617,mercearia,Arroz Vaporizado,1.0,KG,1.3,1.30,€
281,7413101,mercearia,Batata Frita Lisa Gourmet,0.17,KG,1.49,8.76,€
282,2859491,mercearia,Feijão Branco Cozido,0.83,KG,1.19,2.29,€
283,2628845,mercearia,Bolachas de Água e Sal,0.168,KG,2.79,16.61,€
284,7623711,mercearia,Cápsulas de Café Vietnam,10.0,UN,4.59,0.46,€
285,3731553,mercearia,Massa Penne Mezzaan Rigate,0.5,KG,1.97,3.94,€
286,7519384,mercearia,Batata Frita Sabor Ketchup,0.15,KG,1.99,13.27,€
287,2007347,mercearia,Salsichas Frankfurt 6 un,0.24,KG,0.96,8.00,€
288,4558637,mercearia,Bolachas Argolinhas com Cobertura Chocolate Negro,0.15,KG,0.79,5.27,€
289,7405696,mercearia,Cápsulas de Café Ristretto Napoli Style Int 13,64.0,UN,18.99,0.30,€
290,5809349,mercearia,Atum em Filete com Limão e Piripiri,0.12,KG,2.89,37.05,€
291,7029267,mercearia,Pistácio Torrado sem Sal,0.2,KG,2.99,14.95,€
292,2925297,mercearia,Ketchup Top Down,0.46,KG,3.04,6.61,€
293,5893824,mercearia,Pastilhas Elásticas Frutos Silvestres,0.0825,KG,2.99,36.02,€
294,2003649,mercearia,Atum Posta em Óleo,0.385,KG,4.8,19.12,€
295,4992400,mercearia,Salsichas Wienerwurst Frasco 5 un,0.44,KG,2.99,13.59,€
296,6338236,mercearia,Bolachas Chocolate Chips,0.25,KG,3.44,13.76,€
297,4940520,mercearia,Bolachas Marinheiras com Sal,0.2,KG,2.14,10.70,€
298,4555303,mercearia,Pudim Flan Baunilha,0.6,KG,1.19,1.98,€
299,5026334,mercearia,Pastilhas Elásticas 60 Minutos Spearmint,3.0,KG,2.79,46.50,€
300,7178366,mercearia,Puré de Fruta Manga e Maçã +8M,4.0,KG,2.29,5.73,€
301,2603538,mercearia,Tomate Triturado,0.5,KG,1.39,2.78,€
302,6524562,mercearia,Massinha Pevide,0.5,KG,1.5,3.00,€
303,7404772,mercearia,Bolachas Crackers Folha de Azeitona,0.15,KG,1.99,13.27,€
305,7643346,mercearia,Pêssego em Calda,0.824,KG,2.29,2.78,€
306,6191787,mercearia,Massa Penne Rigate Integral,0.5,KG,2.06,4.12,€
307,4312757,mercearia,Leite Condensado,0.397,KG,1.49,3.75,€
308,4833013,mercearia,Batata Frita Palha,0.4,KG,2.59,6.47,€
309,6823764,mercearia,Bolachas Mini,0.16,KG,1.69,10.56,€
310,2232813,mercearia,Arroz Basmati Extra Longo,1.0,KG,2.35,2.35,€
311,7267762,mercearia,"Saqueta de Fruta e Legumes Maçã, Abóbora e Batata Doce +8M",0.09,KG,0.74,8.22,€
312,6028241,mercearia,Snacks Tortilla Nachips,0.185,KG,2.99,16.16,€
313,4837862,mercearia,Arroz Carolino Extra Longo,1.0,KG,2.01,2.01,€
314,7332667,mercearia,Cereais Estrelas de Mel Pack Poupança,1.0,KG,3.99,3.99,€
315,7723950,mercearia,Gelatina Pronta Melancia sem Açúcar,0.36,KG,1.53,4.25,€
316,3003821,mercearia,Cogumelos Inteiros sem Glúten,0.355,KG,1.25,6.76,€
317,5832855,mercearia,Tortitas de Arroz com 54% Chocolate sem Glúten,0.122,KG,1.59,13.03,€
318,5505351,mercearia,Bolachas Dinosaurus Ovos,0.14,KG,2.19,15.64,€
319,7360186,mercearia,Bolachas Pequeno Almoço Multicereais,0.3,KG,1.99,6.63,€
320,5723893,mercearia,Sal Marinho Grosso,1.0,KG,0.29,0.29,€
321,5667803,mercearia,Bolachas Shortcake,0.18,KG,1.69,9.39,€
322,5647225,mercearia,Atum Posta em Azeite Virgem Extra e Oregãos,0.12,KG,1.97,25.26,€
323,7355186,mercearia,Muesli Crunchy Frutos Secos Pack Poupança,1.0,KG,4.69,4.69,€
324,4322691,mercearia,Pipocas Salgadas Micro-ondas,3.0,KG,1.19,3.97,€
325,7167760,mercearia,Cápsulas de Café Ristretto Int 11,40.0,UN,13.99,0.35,€
326,2859740,mercearia,Feijão Frade Cozido,0.83,KG,1.19,2.29,€
327,6905555,mercearia,Atum Posta em Azeite,0.385,KG,3.76,15.04,€
328,7393886,mercearia,Cereais Estrelitas Mel,0.75,KG,6.79,9.05,€
329,2859808,mercearia,Feijão Encarnado Cozido,0.42,KG,0.84,3.23,€
330,5762459,mercearia,Bolachas Torradas,0.2,KG,1.19,5.95,€
331,6186824,mercearia,Snack Equilíbrio de Cereais Sal Marinho,0.095,KG,2.15,22.63,€
332,4558632,mercearia,Bolachas Argolinhas com Cobertura Chocolate de Leite,0.15,KG,0.79,5.27,€
333,2628849,mercearia,Bolachas Maria,0.3,KG,2.75,9.17,€
334,2200050,mercearia,Mini Gressinos,0.3,KG,1.89,6.30,€
335,4972898,mercearia,Tostas Extra Finas,5.0,KG,1.19,11.90,€
336,7519235,mercearia,Batata Frita Ondulada Sabor a Presunto,0.15,KG,1.99,13.27,€
337,5833836,mercearia,Salsichas de Aves Cocktail Lata,0.35,KG,1.64,9.11,€
338,7424551,mercearia,Atum em Óleo,0.141,KG,0.69,9.58,€
339,2098943,mercearia,Massa Conchas,0.5,KG,1.5,3.00,€
340,6941846,mercearia,Salsichas 100% Peru Frasco 5 un,0.3,KG,2.19,13.69,€
341,5384860,mercearia,Tomate Seco em Óleo,0.335,KG,3.99,14.25,€
342,7144942,mercearia,"Puré de Fruta Banana, Maçã, Laranja e Bolacha +8M",4.0,KG,2.29,5.73,€
343,5590137,mercearia,Filete de Atum em Azeite com Manjericão e Tomate,0.12,KG,2.89,37.05,€
344,5872357,mercearia,"Saqueta de Fruta Banana, Laranja e Bolacha +6M",0.09,KG,0.74,8.22,€
345,7324550,mercearia,Batata Frita Lisa Pack Poupança,0.24,KG,1.39,5.79,€
346,5691383,mercearia,Doce Extra Figo,0.375,KG,2.29,6.11,€
347,4417087,mercearia,Tosta Rica Mini Go,0.24,KG,1.89,7.88,€
348,5776261,mercearia,"Saqueta de Fruta Maçã, Cenoura e Manga +6M",0.09,KG,0.74,8.22,€
349,6046630,mercearia,Alho Moído em Frasco,0.055,KG,0.69,12.55,€
351,4023987,mercearia,Molho Pesto Alla Genovese,0.19,KG,3.74,19.68,€
352,7029235,mercearia,Miolo de Avelã Torrada,0.2,KG,2.99,14.95,€
353,7169565,mercearia,Cápsulas de Café Jamaica Int 8,10.0,UN,4.59,0.46,€
354,4731366,mercearia,Ketchup Top Down sem Glúten,0.25,KG,1.87,7.48,€
355,6910017,mercearia,Maionese Top Down,0.4,LT,3.79,9.48,€
356,7301722,mercearia,Atum em Óleo Vegetal,0.11,KG,0.74,10.42,€
357,7267758,mercearia,Conjunto de Saquetas de Fruta Maçã e Pera +3A,4.0,KG,2.99,8.31,€
358,5508817,mercearia,Salsichas Hot Dog Frasco 6 un sem Glúten,0.54,KG,3.49,11.63,€
359,7029262,mercearia,Miolo de Amendoim com Piripiri,0.2,KG,1.39,6.95,€
360,2727796,mercearia,Tiras de Milho Fritas,0.13,KG,1.99,15.31,€
361,5561364,mercearia,Gelatina Pronta Morango,0.4,KG,0.95,2.38,€
362,2144139,mercearia,Massa Macarrão Grande,0.5,KG,0.83,1.66,€
363,2604844,mercearia,Massa Instantânea Chinesa de Cogumelos,0.085,KG,0.83,9.76,€
364,2822444,mercearia,Massa Esparguete Fino,0.5,KG,0.87,1.74,€
365,7515069,mercearia,Filete de Atum ao Natural,0.12,KG,1.59,18.71,€
366,7615797,mercearia,Saqueta Láctea Banana e Morango +12M,0.11,KG,1.08,9.82,€
367,4949517,mercearia,Arroz Thai Jasmim,1.0,KG,1.68,1.68,€
368,5026339,mercearia,Pastilhas Elásticas 60 Minutos Peppermint,3.0,KG,2.79,46.50,€
369,7095384,mercearia,Grão de Bico Cozido sem Glúten,0.54,KG,2.99,5.54,€
370,2807523,mercearia,Doce Extra Alperce,0.37,KG,3.99,10.78,€
371,7535233,mercearia,Atum Posta ao Natural,0.385,KG,2.82,14.10,€
372,5776263,mercearia,"Saqueta de Fruta Maçã, Banana e Aveia +6M",0.09,KG,0.74,8.22,€
373,7723946,mercearia,Gelatina Pronta Ananás sem Açúcar,0.36,KG,1.53,4.25,€
374,6091722,mercearia,Bolachas Marinheiras com Linhaça,0.2,KG,2.14,10.70,€
375,5722586,mercearia,Café Moído Torrado Moagem Universal Lote Tradição Int 11,0.25,KG,2.59,10.36,€
376,6395162,mercearia,Conjunto de Saquetas de Fruta Maçã e Banana +3A,4.0,KG,2.99,8.31,€
377,5877167,mercearia,Pastilhas Elásticas Max Splash Strawberry Lime,0.022,KG,1.09,49.55,€
378,5507160,mercearia,Sal Marinho Grosso,1.0,KG,0.45,0.45,€
379,6967782,mercearia,Pera Rocha Desidratada,0.02,KG,0.89,44.50,€
380,4660709,mercearia,Biscoitos de Cacau,0.75,KG,2.99,3.99,€
381,7029183,mercearia,Pistácio Torrado com Casca e Sal,0.2,KG,2.99,14.95,€
382,5722924,mercearia,Bolachas Shortcake de Chocolate,0.18,KG,1.69,9.39,€
383,6395160,mercearia,Conjunto de Saquetas de Fruta Maçã e Pêssego +3A,4.0,KG,2.99,8.31,€
384,7360174,mercearia,Bolachas Pequeno Almoço Chocolate,0.3,KG,1.99,6.63,€
385,7279834,mercearia,Atum Posta em Azeite,0.11,KG,1.02,14.17,€
386,5662519,mercearia,Tomate em Pedaços com Manjericão e Orégãos,0.39,KG,1.79,4.59,€
387,6818174,mercearia,Atum Posta ao Natural,0.12,KG,0.93,11.07,€
388,6533341,mercearia,Bolachas Marinheiras com Chia,0.2,KG,2.49,12.45,€
389,7411754,mercearia,"Saqueta Maçã, Morango, Banana e Mirtilo +4M",0.1,KG,1.08,10.80,€
390,2486419,mercearia,Massa Cotovelinhos,0.5,KG,1.12,2.24,€
391,5156834,mercearia,Tomate Concentrado,0.14,KG,0.99,7.07,€
392,7480603,mercearia,Salsichas Tipo Frankfurt Lata 8 un sem Glúten,0.35,KG,0.89,4.45,€
393,6684691,mercearia,Ananás Rodelas,0.822,KG,2.19,2.66,€
394,7228326,mercearia,Puré de Fruta Manga +3A,0.09,KG,0.99,11.00,€
395,2114797,mercearia,Polpa de Tomate,3.0,KG,2.55,4.05,€
396,2601427,mercearia,Bolachas Recheadas Choco Flakes,0.5,KG,2.99,5.98,€
397,2811688,mercearia,Bolachas Ositos com Chocolate,0.16,KG,2.19,13.69,€
398,2910011,mercearia,Massa Laços Farfalle Tricolor,0.5,KG,1.21,2.42,€
399,2410981,mercearia,Bolachas de Água e Sal,0.125,KG,2.82,7.52,€
400,2769747,mercearia,Arroz Agulha,1.0,KG,1.68,1.68,€
401,2965785,mercearia,Feijão Encarnado Cozido,0.41,KG,1.29,4.96,€
402,4107660,mercearia,Cápsulas de Café Aqtivus Int 8,10.0,UN,4.19,0.42,€
403,6145161,mercearia,Açúcar Branco 125 Saquetas,0.75,KG,1.99,2.65,€
404,5873840,mercearia,Pipocas Doces Micro-ondas,3.0,KG,2.99,11.07,€
405,5059696,mercearia,Massa Farfalle,0.5,KG,1.02,2.04,€
406,7453438,mercearia,"Saqueta de Fruta Pera, Banana e Alperce Frutapura +6M",0.085,KG,1.09,12.82,€
407,5775454,mercearia,Saqueta de Fruta Maçã e Banana +4M,0.1,KG,0.79,7.90,€
408,5884021,mercearia,Massa Fusilli sem Glúten,0.4,KG,2.91,7.28,€
409,7029889,mercearia,Sultana Clara,0.2,KG,1.59,7.95,€
410,2965810,mercearia,Feijão Manteiga Cozido,0.41,KG,1.29,4.96,€
411,7226468,mercearia,Mix Caju Cru e Arandos,0.05,KG,0.99,19.80,€
412,2966019,mercearia,Grão de Bico Cozido sem Glúten,0.56,KG,1.99,4.98,€
413,5809344,mercearia,Atum em Filete Natural,0.12,KG,2.53,30.12,€
414,2859830,mercearia,Feijão Frade Cozido,0.42,KG,0.84,3.23,€
415,6610285,mercearia,Atum Posta ao Natural,0.2,KG,2.94,21.00,€
416,7178142,mercearia,Ervilhas com Cenoura sem Glúten,0.41,KG,1.49,6.37,€
417,2086457,mercearia,Doce Laranja Amarga,0.375,KG,1.59,4.24,€
418,2003312,mercearia,Massa Esparguete,0.5,KG,1.21,2.42,€
419,7334044,mercearia,Saqueta de Fruta Banana e Morango +12M,0.11,KG,0.84,7.64,€
420,4552634,mercearia,Massa Linguine,0.5,KG,1.68,3.36,€
421,7144941,mercearia,Puré de Fruta Multifrutas +6M,4.0,KG,2.29,5.73,€
422,6997966,mercearia,Ameixa Seca Descaroçada,0.2,KG,1.59,€7.95, 
423,7144890,mercearia,Puré de Fruta de Maçã +4M,4.0,KG,2.29,5.73,€
425,2811330,mercearia,Bolachas Crackers com Sal,0.5,KG,3.54,7.08,€
426,2433617,mercearia,Feijão Manteiga Cozido,0.54,KG,0.89,2.23,€
427,6837208,mercearia,Açúcar Branco 200 Sticks,0.8,KG,2.29,2.86,€
428,5734808,mercearia,Muesli Crunchy Chocolate,0.5,KG,2.49,4.98,€
429,5447264,mercearia,Bolachas Alfa,0.18,KG,1.45,8.06,€
430,2388667,mercearia,Farinha de Trigo T55,1.0,KG,0.85,0.85,€
431,2539729,mercearia,Cereais Corn Flakes Milho Pack Poupança,1.0,KG,3.29,3.29,€
432,5879141,mercearia,Massa Fusilli Integral,0.5,KG,1.31,2.62,€
433,7274517,mercearia,Salsichas Bockwurst Frasco 9 un,0.954,KG,2.84,7.89,€
434,2005831,mercearia,Batata Frita Lisa,0.2,KG,1.25,6.25,€
435,5110862,mercearia,Bolachas Cream Crackers Original,0.2,KG,1.49,7.45,€
436,2699873,mercearia,Arroz Basmati Brajma,1.0,KG,2.82,2.82,€
437,7094871,mercearia,Pastilhas Elásticas Oral-B Peppermint,3.0,KG,3.39,66.47,€
438,7106079,mercearia,Snack Mix Queijo,0.14,KG,1.29,9.21,€
439,7673536,mercearia,Cápsulas de Café Descafeinado Int 7,10.0,UN,1.99,0.20,€
440,2027104,mercearia,Salsichas Frankfurt Lata 6 un sem Glúten,0.25,KG,0.79,6.58,€
441,7201350,mercearia,Snacks Tiras de Milho,0.13,KG,0.85,6.54,€
442,5600375,mercearia,Salsichas de Frango Cuida-t+ Lata 8 un,0.35,KG,2.19,13.69,€
443,2601432,mercearia,Bolachas com Pepitas Chocolate Diet Nature,0.125,KG,2.59,20.72,€
444,7147969,mercearia,Puré de Fruta Maçã e Pera +4M,4.0,KG,2.29,5.73,€
445,6297386,mercearia,Pastilhas Elásticas Senses Spearmint,3.0,KG,1.39,20.14,€
446,7279820,mercearia,Atum Posta em Óleo,0.11,KG,0.93,12.92,€
447,7448138,mercearia,Saqueta de Fruta Maçã Patrulha Pata +12M,0.1,KG,1.09,10.90,€
448,5775727,mercearia,Biscoitos Areias,0.3,KG,1.95,6.50,€
449,7430617,mercearia,Atum Posta ao Natural,0.12,KG,1.87,22.26,€
450,6910226,mercearia,Cereais Especial Silhueta Original,0.5,KG,1.99,3.98,€
451,4229131,mercearia,Bolachas Belgas,0.5,KG,3.69,7.38,€
452,7263940,mercearia,Salsichas Frankfurt Lata 12 un,0.41,KG,1.47,6.12,€
453,7371367,mercearia,Bolachas Cobertas Chocolate Negro,0.15,KG,1.29,8.60,€
454,2060529,mercearia,Bolachas Maria,0.8,KG,2.89,4.82,€
455,3659287,mercearia,"Chá Verde, Mel e Limão Saquetas",10.0,UN,0.89,0.09,€
456,6618833,mercearia,Pimenta Preta Moída,0.043,KG,2.61,60.70,€
457,6996720,mercearia,Miolo de Amendoim com Mel e Sal,0.2,KG,1.39,6.95,€
458,6917407,mercearia,Massa Laços Integrais com Aveia,0.5,KG,1.78,3.56,€
459,4349450,mercearia,Salsichas Oktoberfester Bockwurst Frasco 6 un sem Glúten,0.38,KG,3.99,19.95,€
460,6091726,mercearia,Bolachas Marinheiras com Espelta,0.2,KG,2.14,10.70,€
461,6186825,mercearia,Snack Equilíbrio de Cereais Queijo e Cebola,0.095,KG,2.15,22.63,€
462,7453435,mercearia,Saqueta de Fruta Maçã e Pera Frutapura +6M,0.085,KG,1.09,12.82,€
463,5028454,mercearia,Bolachas Crackers Azeite e Rosmaninho,0.2,KG,2.34,11.70,€
464,3799722,mercearia,Patê de Atum em Azeite,0.075,KG,2.54,33.87,€
465,4951644,mercearia,Bolachas Mini Dinossauros Chocolate,0.12,KG,0.99,8.25,€
466,7379481,mercearia,Batata Frita Lisa Mediterrâneas,0.15,KG,1.29,8.60,€
467,2005153,mercearia,Bolachas Cracker Sabor Original,0.1,KG,1.34,13.40,€
468,4776648,mercearia,Bolachas de Canela,0.47,KG,1.69,3.60,€
469,2859772,mercearia,Feijão Manteiga Cozido,0.42,KG,0.84,3.23,€
470,7022896,mercearia,Salsichas Hot Dog Frasco 4 un,0.43,KG,2.99,14.24,€
471,4617647,mercearia,Massa de Pimentão sem Glúten,0.4,KG,1.59,3.98,€
472,6651891,mercearia,Flocos de Cereais com Mel +3A,2.0,KG,3.69,4.92,€
473,2003370,mercearia,Bolachas Cream Cracker,0.2,KG,0.79,3.95,€
474,2003320,mercearia,Massa Macarronete Penne Riscado,0.5,KG,1.12,2.24,€
475,7404781,mercearia,Bolachas Crackers Folhas Clássico,0.18,KG,1.99,11.06,€
476,6192798,mercearia,Massa Fusilli Integral,0.5,KG,2.06,4.12,€
477,7056501,mercearia,Ananás Semi-Desidratado,0.05,KG,1.19,23.80,€
478,6910225,mercearia,Cereais Especial Silhueta Original,0.75,KG,3.29,4.39,€
479,7279845,mercearia,Sardinha em Tomate com Picante,0.12,KG,0.79,9.29,€
480,6998190,mercearia,Mix com Frutos do Bosque,0.2,KG,2.99,14.95,€
481,2665123,mercearia,Massa Laços Farfalle,0.5,KG,1.68,3.36,€
482,2604857,mercearia,Massa Instantânea Chinesa de Legumes,0.085,KG,0.83,9.76,€
483,7620731,mercearia,Cápsulas de Café 100% Arábica Int 10,10.0,UN,3.14,0.31,€
484,3711419,mercearia,Bolachas Crackers com Sal,0.56,KG,3.19,5.70,€
485,2004886,mercearia,Bolachas Cream Cracker,0.125,KG,1.89,15.12,€
486,7314144,mercearia,Atum em Óleo,0.11,KG,0.83,11.53,€
487,7723312,mercearia,Cápsulas de Café Ristretto Int 10 Pack Poupança,40.0,UN,7.29,0.18,€
488,5880609,mercearia,Nestum Chocolate +3A,0.25,KG,2.89,11.56,€
489,4792972,mercearia,Lanchinhos com Pepitas de Chocolate,0.24,KG,1.59,6.63,€
490,7654293,mercearia,Batata Frita Lisa com Sal,0.265,KG,2.09,7.89,€
491,7552773,mercearia,Batata Frita Rústica Pack Poupança,0.4,KG,2.39,5.98,€
492,5097178,mercearia,Batata Frita Palha Fina Receita Caseira,0.2,KG,1.19,5.95,€
493,2920588,mercearia,Salsichas Hot Dog Frasco 4 un,0.43,KG,2.46,10.47,€
494,7156496,mercearia,Massa Esparguete,2.0,KG,4.32,2.16,€
495,2005243,mercearia,Tablete de Chocolate Culinária,0.2,KG,1.79,8.95,€
496,7122639,mercearia,Feijão Branco Cozido,0.38,KG,1.19,4.76,€
497,7094869,mercearia,Pastilhas Elásticas Oral-B Spearmint,3.0,KG,3.39,66.47,€
498,7525412,mercearia,"Saqueta de Fruta Maçã, Banana e Morango Patrulha Pata +12M",0.1,KG,1.09,10.90,€
499,7454776,mercearia,Cápsulas de Café Colombia Int 8,20.0,UN,8.89,0.44,€
500,4905373,mercearia,Arroz Basmati,1.0,KG,2.72,2.72,€
501,4708277,mercearia,Doce Abóbora com Amêndoa,0.25,KG,3.49,13.96,€
502,7375866,mercearia,Mini Bolachas com Pepitas de Chocolate,0.16,KG,1.79,11.19,€
503,6297370,mercearia,Pastilhas Elásticas Senses Melancia,3.0,KG,1.39,20.14,€
504,7448131,mercearia,Saqueta de Fruta Frutos Variados Patrulha Pata +12M,0.1,KG,1.09,10.90,€
505,5598051,mercearia,Azeite Virgem,0.75,LT,4.23,5.64,€
506,7417741,mercearia,Saqueta de Fruta e Bolacha +12M,0.11,KG,0.84,7.64,€
507,3719734,mercearia,Tortitas de Milho,0.13,KG,2.05,15.77,€
508,2062185,mercearia,Bolachas Wafers com Recheio de Chocolate,0.25,KG,1.19,4.76,€
509,6937650,mercearia,Polpa de Tomate com Manjericão e Oregãos,0.5,KG,2.39,4.78,€
510,7453434,mercearia,Saqueta de Fruta Maçã e Banana Frutapura +6M,0.085,UN,1.09,12.82,€
511,2003531,mercearia,Polpa de Tomate com Cebola e Alho,0.5,KG,1.39,2.78,€
512,4107665,mercearia,Cápsulas de Café DeQafeinatus Int 7,10.0,UN,3.49,0.35,€
513,7654284,mercearia,Batata Frita com Sal,0.265,KG,2.99,11.28,€
514,7723943,mercearia,Gelatina Pronta Morango sem Açúcar,0.36,KG,1.53,4.25,€
515,6218452,mercearia,Snacks Tortilha Nachos com Sal,0.2,KG,2.49,12.45,€
516,6581986,mercearia,Arroz Vaporizado Carolino,1.0,KG,1.62,1.62,€
517,7167754,mercearia,Atum em Tomate,0.12,KG,2.09,26.79,€
518,6961750,mercearia,Açúcar Mascavado 50 Sticks,0.25,KG,1.95,7.80,€
519,5027383,mercearia,Bolachas de Aveia,0.387,KG,1.25,3.23,€
520,6831241,mercearia,Massa Esparguete Integral,0.5,KG,0.93,1.86,€
521,2145968,mercearia,Batata Frita Ondulada Sabor Presunto,0.175,KG,1.29,7.37,€
522,6517771,mercearia,Tagliatelle Fresca com Ovo,0.25,KG,0.89,3.56,€
523,7632040,mercearia,Patê Morcela da Beira e Maçã Reineta,0.11,KG,1.99,18.09,€
524,7724062,mercearia,Gelatina Pronta Tutti Frutti,0.36,KG,1.99,5.53,€
525,4721843,mercearia,Tomate Frito,0.35,KG,2.09,5.97,€
526,2003604,mercearia,Ervilhas Cozidas sem Glúten,0.41,KG,0.99,4.23,€
527,6659182,mercearia,Molho Pesto sem Glúten,0.19,KG,1.79,9.42,€
528,2003562,mercearia,Feijão Manteiga Cozido,0.845,KG,1.99,4.23,€
529,2167587,mercearia,Doce Tomate,0.345,KG,2.99,8.67,€
530,6995180,mercearia,Bolachas Animais de Cereais,0.26,KG,1.69,6.50,€
531,6097423,mercearia,Arroz Risotto,1.0,KG,3.76,3.76,€
532,7576983,mercearia,Alho Picado Saqueta,0.04,KG,1.26,31.50,€
533,4922420,mercearia,Bolachas Digestivas com Chocolate,0.195,KG,1.99,10.21,€
534,2062201,mercearia,Bolachas Wafers com Recheio de Baunilha,0.25,KG,1.19,4.76,€
535,5568752,mercearia,Massa Penne Rigate Integral,0.5,KG,2.14,4.28,€
536,6831230,mercearia,Massa Penne Rigate,0.5,KG,0.99,1.98,€
537,2086418,mercearia,Doce Extra Morango,0.375,KG,1.59,4.24,€
538,2168400,mercearia,Salsichas Alemãs Bockwurst Frasco 6 un sem Glúten,0.38,KG,3.59,19.94,€
539,7698082,mercearia,Cápsulas de Café Intenso Int 10,18.0,UN,7.39,0.41,€
540,2859785,mercearia,Feijão Branco Cozido,0.42,KG,0.84,3.23,€
541,4644452,mercearia,Mini Picos com Azeite,0.3,KG,2.11,7.03,€
542,5398734,mercearia,Ketchup Top Down sem Glúten,0.55,KG,4.99,9.07,€
543,5879134,mercearia,Massa Penne Integral,0.5,KG,1.31,2.62,€
544,3630058,mercearia,Café em Grão Torrado Lote Chávena Int 12,0.25,KG,3.59,14.36,€
545,2060431,mercearia,Patê de Sardinha,0.088,KG,2.09,23.75,€
546,6786392,mercearia,Tablete de Chocolate Negro Sal Marinho,0.09,KG,2.99,33.22,€
547,7433212,mercearia,Bolachas Digestivas Thins de Frutos Silvestres,0.174,KG,2.49,14.31,€
548,2893607,mercearia,Azeite Virgem Extra Suave,0.75,LT,6.55,8.73,€
549,7161719,mercearia,"Saqueta de Fruta Iogurte, Banana e Morango Minions +12M",0.1,KG,0.92,9.20,€
550,7723941,mercearia,Gelatina Pronta Frutos Tropicais sem Açúcar,0.36,KG,1.53,4.25,€
551,7335753,mercearia,Bolachinhas Animais +12M,0.1,KG,2.31,23.10,€
552,7334143,mercearia,Mostarda Top Down,0.257,KG,2.59,10.08,€
553,6057213,mercearia,Orégãos Folha em Saqueta,0.01,KG,0.49,49.00,€
554,6811343,mercearia,Massa Fusilli Bronzo,0.5,KG,1.21,2.42,€
555,3646776,mercearia,Chá Preto Saquetas,20.0,UN,1.24,€0.06, 
556,3884674,mercearia,Bolachas Mini Recheadas com Creme,0.16,KG,1.69,10.56,€
557,7413240,mercearia,Pack Puré de Fruta Maçã e Pera +6M,8.0,KG,5.09,6.70,€
558,2132835,mercearia,Bolachas Cookies Pepitas de Chocolate,0.3,KG,3.79,12.63,€
559,2811690,mercearia,Bolachas Ositos com Mel,0.16,KG,2.19,13.69,€
560,7506275,mercearia,Massa Esparguete,0.55,KG,0.83,1.66,€
561,5253111,mercearia,Bolachas Mini Cookies,0.12,KG,2.19,18.25,€
562,5306572,mercearia,Bolachas Maria,0.2,KG,1.29,6.45,€
563,foodfantalaranjapringlesoriginal,mercearia,Fanta e Pringles,1.0,UN,4.64,4.64,€
564,6644035,mercearia,Massa Laços Tricolores,0.5,KG,0.93,1.86,€
565,7577561,mercearia,"Saqueta de Fruta Manga, Iogurte e Aveia +6M",0.1,KG,1.19,11.90,€
566,7453433,mercearia,Saqueta de Fruta Frutos Variados Frutapura +6M,0.085,KG,1.09,12.82,€
567,7673508,mercearia,Cápsulas de Café Rossio Int 12,10.0,UN,1.99,0.20,€
568,5610493,mercearia,Cápsulas de Café Espresso Descafeinado Int 5,16.0,UN,6.49,0.41,€
569,6980115,mercearia,Tablete de Chocolate Negro com Amêndoa,0.2,KG,1.79,8.95,€
570,7165377,mercearia,Mini Brownies de Chocolate Little Bites,0.2,KG,2.19,13.04,€
571,2203136,mercearia,Arroz Vaporizado Estufado,1.0,KG,1.39,1.39,€
572,7241221,mercearia,Cápsulas de Café Fortezza Int 12 Pack Poupança,48.0,UN,9.99,0.21,€
573,5435352,mercearia,Tremoço Extra,0.8,KG,2.99,3.74,€
574,6046671,mercearia,Louro Folha em Saqueta,0.01,KG,0.69,69.00,€
575,4773606,mercearia,Bolachas Crackers Integrais,0.5,KG,1.89,3.78,€
576,7376972,mercearia,Snacks Milho Tex-Mex,0.26,KG,2.34,9.00,€
577,4863872,mercearia,Batata Frita Rodelas,0.2,KG,1.34,6.70,€
578,5141248,mercearia,Maionese,0.416,KG,3.14,7.55,€
579,7251787,mercearia,Napolitanas de Cacau,0.27,KG,1.39,5.15,€
580,7673478,mercearia,Cápsulas de Café Bocage Int 11,10.0,UN,1.99,0.20,€
581,2116726,mercearia,Doce Extra 4 Frutos Vermelhos,0.375,KG,1.79,4.77,€
582,4867276,mercearia,Adoçante com Doseador 300 Pastilhas,0.0165,UN,1.49,1.49,€
583,2533124,mercearia,Atum Posta em Óleo,0.2,KG,2.59,19.92,€
584,5543692,mercearia,Bolo Planetus com - 50% Açúcares,0.21,KG,2.19,10.43,€
585,7144940,mercearia,Puré de Fruta Maçã e Banana +4M,4.0,KG,2.29,5.73,€
586,6818154,mercearia,Atum Posta em Óleo de Girassol,0.12,KG,0.93,11.92,€
587,7334036,mercearia,Refeição para Bebé Jardineira com Vitela +6M,0.19,KG,1.99,10.47,€
588,5896405,mercearia,Farinha de Trigo Branca,0.5,KG,1.69,3.38,€
589,7421842,mercearia,Snack para Bebé Flores de Lentilha e Milho +12M,0.02,KG,1.49,74.50,€
590,5297155,mercearia,Palmiers,0.15,KG,1.64,10.93,€
591,3854224,mercearia,Pão Ralado,0.3,KG,0.75,2.50,€
592,5578685,mercearia,Vinagre Balsâmico de Modena,0.5,LT,3.19,6.38,€
593,4107655,mercearia,Cápsulas de Café Qharacter Int 9,10.0,UN,3.49,0.35,€
594,7417740,mercearia,Saqueta de Fruta Maçã +12M,0.11,KG,0.84,7.64,€
595,3711417,mercearia,Bolachas Crackers sem Sal na Superfície,0.56,KG,3.19,5.70,€
596,4801489,mercearia,Sopa de Cebola,0.05,KG,1.19,23.80,€
597,6763565,mercearia,Cereais Crockers Recheio de Leite,0.375,KG,1.99,5.31,€
598,7522798,mercearia,Espargos Brancos,0.33,KG,1.99,9.71,€
599,4905303,mercearia,Polpa de Tomate,1.0,KG,1.79,1.79,€
600,7188280,mercearia,"Tortitas Vitalday de Arroz, Iogurte e Framboesa sem Glúten",0.112,KG,2.89,25.80,€
601,4769767,mercearia,Palmiers com Massa Folhada,4.0,KG,1.19,7.44,€
602,2965854,mercearia,Feijão Branco Cozido,0.82,KG,2.39,4.60,€
603,7723967,mercearia,Gelatina Pronta Morango,0.72,KG,3.85,5.35,€
604,2003973,mercearia,Massa Macarrão Riscado,0.5,KG,1.12,2.24,€
605,2015459,mercearia,Massa Cotovelinhos,0.5,KG,0.93,1.86,€
606,5037729,mercearia,Tortitas Mini de Milho Presunto Ibérico sem Glúten,0.07,KG,1.89,27.00,€
607,2004425,mercearia,Farinha de Trigo Super Fina com Fermento,1.0,KG,2.29,2.29,€
608,6533354,mercearia,Bolachas Marinheiras com Azeite Virgem Extra,0.2,KG,2.49,12.45,€
609,7453442,mercearia,Saqueta de Fruta Maçã Patrulha Pata +12M,0.1,KG,1.09,10.90,€
610,5893822,mercearia,Pastilhas Elásticas Spearmint,0.0825,KG,2.99,36.02,€
611,6751280,mercearia,Doce Morango,0.5,KG,6.64,13.28,€
612,6991392,mercearia,Puré Tropical Saqueta,0.1,KG,1.09,10.90,€
613,5223371,mercearia,Tostas com Tomate e Orégãos,0.1,KG,1.87,18.70,€
614,2410843,mercearia,Doce Pêssego,0.284,KG,4.39,15.46,€
615,2904490,mercearia,Mel de Rosmaninho,0.5,KG,5.89,11.78,€
616,5564279,mercearia,Patê com Pimenta Verde,0.055,KG,1.19,21.64,€
617,5605327,mercearia,Atum Filete ao Natural,0.2,KG,4.57,32.64,€
618,6194515,mercearia,Cápsulas de Café Descafeinado Ristretto Int 9,10.0,UN,3.39,0.34,€
619,5600355,mercearia,Salsichas de Peru Cuida-t+ Lata 8 un,0.35,KG,2.19,13.69,€
620,5893777,mercearia,Pastilhas Elásticas Morango,0.0825,KG,2.99,36.02,€
621,4935732,mercearia,Tostas Suecas Integrais,0.225,KG,1.21,5.38,€
622,7003240,mercearia,Mix Frutos Secos Lanches Essenciais,0.2,KG,3.19,15.95,€
623,3847648,mercearia,Vinagre de Vinho Branco,0.25,LT,1.19,4.76,€
624,7167612,mercearia,Atum em Azeite Biológico,0.12,KG,1.97,25.26,€
625,7029622,mercearia,Ervilhas sem Glúten,3.0,KG,3.99,9.50,€
626,7367948,mercearia,Tablete de Chocolate Cereais Crocantes,0.1,KG,0.69,6.90,€
627,7196938,mercearia,Tablete de Chocolate Negro com Avelãs,0.2,KG,1.79,8.95,€
628,5320707,mercearia,Batata Frita Lisa Sabor Camponesas,0.25,KG,2.99,11.96,€
629,2781700,mercearia,Mini Tostas Integrais,0.18,KG,1.32,7.33,€
630,4010193,mercearia,Tomate Pelado Inteiro,0.4,KG,2.29,5.73,€
631,5555495,mercearia,Pack Batata Frita Lisa e Ondulada,6.0,KG,1.99,11.06,€
632,5934458,mercearia,Doce Framboesa e Romã,0.284,KG,4.39,15.46,€
633,6119197,mercearia,Massa Esparguete Integral,0.5,KG,1.81,3.62,€
634,4107656,mercearia,Cápsulas de Café Qonvictus Int 5,10.0,UN,4.19,0.42,€
635,4097399,mercearia,Maionese com Cebola Caramelizada e Alho Top Down,0.4,KG,4.49,10.23,€
636,6885792,mercearia,Maionese Top Down,0.238,KG,2.29,9.62,€
637,6980113,mercearia,Tablete de Chocolate de Leite com Avelãs,0.2,KG,1.79,8.95,€
638,5078545,mercearia,Tostas Integrais,5.0,KG,2.24,2.99,€
639,2144143,mercearia,Massa Cotovelos Grossos Riscados,0.5,KG,0.83,1.66,€
640,4113139,mercearia,Snack de Chocolate com Caramelo Mini,0.17,KG,3.35,19.71,€
641,6292992,mercearia,Tostas Rústicas,0.24,KG,2.31,9.63,€
642,2003661,mercearia,Sardinha em Tomate,0.12,KG,0.74,9.49,€
643,7030199,mercearia,Uva Passa sem Grainha,0.2,KG,1.29,6.45,€
644,6461433,mercearia,Barras de Cereais Chocolate Negro Shape & Go,0.129,KG,1.59,12.33,€
645,5361587,mercearia,Bolachas Cream Cracker,0.2,KG,1.29,6.45,€
646,4036382,mercearia,Salsichas Frankfurt Lata 10 un,0.35,KG,1.59,6.36,€
647,6825367,mercearia,Tomate em Pedaços com Manjericão e Oregãos,0.39,KG,0.99,2.54,€
648,5818176,mercearia,Polpa Tomate em Cubos,0.4,KG,1.79,4.48,€
649,7368462,mercearia,Gelatina Pronta Morango Pack Poupança,0.6,KG,1.39,2.32,€
650,5594969,mercearia,Drageias Crazy Sours,0.174,KG,3.39,19.48,€
651,7626281,mercearia,Pimentão Doce (Colorau) em Saqueta,0.06,KG,1.79,29.83,€
652,4735933,mercearia,Biscoitos de Azeitão,0.18,KG,3.1,17.22,€
653,7346777,mercearia,Creme para Barrar Chocolate e Avelãs,0.6,KG,5.49,9.15,€
654,6262007,mercearia,Flor de Sal,0.6,KG,5.79,9.65,€
655,4092714,mercearia,Polpa de Tomate,1.0,KG,2.69,2.69,€
656,2014653,mercearia,Massinha Argolinhas,0.25,KG,0.59,2.36,€
657,7390776,mercearia,Cápsulas de Café Espresso Onyx Int 12,20.0,UN,8.49,0.42,€
658,5803225,mercearia,Massa Macarrão Wok,0.5,KG,1.87,3.74,€
659,5238010,mercearia,Infusão Cidreira Saquetas,25.0,UN,0.95,0.04,€
660,4402174,mercearia,Barras de Cereais Chocolate de Leite e Banana,0.126,KG,1.29,10.32,€
661,7481337,mercearia,"Saqueta de Fruta Maçã, Banana e Morango Patrulha Pata +12M",0.1,KG,1.09,10.90,€
662,3853128,mercearia,Salsichas de Soja Frasco 5 un,0.4,KG,2.95,12.04,€
663,7632253,mercearia,Café Moído Torrado Moagem Universal Lote Portugal Int 12,0.22,KG,3.59,16.32,€
664,2005829,mercearia,Fermento em Pó,0.226,KG,3.74,16.55,€
665,3847653,mercearia,Vinagre Balsâmico de Modena,0.25,LT,1.83,7.32,€
667,5571255,mercearia,Maionese Top Down sem Glúten,0.412,KG,3.14,7.62,€
668,2093738,mercearia,Gelatina em Pó de Ananás,2.0,KG,0.99,5.82,€
669,6445104,mercearia,Milho Doce sem Glúten,0.3,KG,1.15,4.04,€
670,7205708,mercearia,Miolo de Noz Pecan,0.2,KG,3.49,17.45,€
671,7335932,mercearia,Bolachas Sandwich Chocolate,0.3,KG,2.19,7.30,€
672,6938893,mercearia,Pastilhas Elásticas White Spearmint,0.0825,KG,2.99,36.02,€
673,7615802,mercearia,Saqueta de Fruta Manga +6M,0.09,KG,1.29,14.33,€
674,5450695,mercearia,Tremoço Extra,0.3,KG,1.99,6.63,€
675,2005256,mercearia,Cereais Corn Flakes,0.5,KG,3.99,7.98,€
676,7130122,mercearia,Chá Earl Grey Pyramid Saquetas,20.0,UN,1.49,0.07,€
677,2086432,mercearia,Doce Extra Pêssego,0.375,KG,1.59,4.24,€
678,2002226,mercearia,Filete de Cavala em Óleo,0.12,KG,2.55,32.69,€
679,7618529,mercearia,Cápsulas de Café Possente Int 11,10.0,UN,1.99,0.20,€
680,2627432,mercearia,Creme para Barrar Chocolate e Avelãs,0.2,KG,2.49,12.45,€
681,4558708,mercearia,Bolachas Digestivas com Chocolate de Leite,0.3,KG,1.39,4.63,€
682,2767086,mercearia,Flor de Sal,0.25,KG,1.79,7.16,€
683,4902612,mercearia,Passata de Tomate com Manjerição e Oregãos,0.21,KG,1.05,5.00,€
684,7195542,mercearia,Bolachas Roscas Simples,0.4,KG,1.89,4.73,€
685,7636124,mercearia,Papa Infantil para Preparar com Leite +6M,0.6,KG,4.31,7.18,€
686,5084714,mercearia,Gelatina Pronta Tutti Frutti,0.4,KG,0.9,2.25,€
687,5361580,mercearia,Bolachas Cream Cracker,0.18,KG,1.57,8.72,€
688,5294862,mercearia,Tortitas de Milho com Tomate e Azeite,0.13,KG,2.95,22.69,€
689,2665104,mercearia,Massa Macarrão Grande Riscado,0.5,KG,1.65,3.30,€
690,2727977,mercearia,Snacks Milho Futebolas Sabor Queijo,0.13,KG,1.99,15.31,€
691,2524514,mercearia,Vinagre de Vinho Tinto,0.5,LT,4.79,9.58 ,€
692,7618526,mercearia,Cápsulas de Café Colômbia Int 8,10.0,UN,2.29,0.23,€
693,7056500,mercearia,Manga Semi-Desidratada,0.05,KG,1.19,23.80,€
694,5804654,mercearia,Salsichas de Aves Hot Dog Frasco 7 un,0.65,KG,3.66,9.27,€
695,5357646,mercearia,Atum Posta em Óleo,0.385,KG,2.53,10.12,€
696,5977123,mercearia,Cogumelos Inteiros sem Glúten,3.0,KG,2.59,8.22,€
697,2003323,mercearia,Massa Espirais Fusilli,0.5,KG,1.12,2.24,€
698,5577553,mercearia,Bolachas Dinossauros de Chocolate de Leite,0.34,KG,3.69,10.85,€
699,2893558,mercearia,Azeite Virgem Extra Clássico,0.75,LT,6.55,8.73,€
700,6649495,mercearia,Sopa Tailandesa,0.069,KG,1.99,28.84,€
701,2965896,mercearia,Feijão Preto Cozido,0.82,KG,2.49,4.79,€
702,3022571,mercearia,Tablete de Chocolate Negro 70% Cacau,0.1,KG,2.79,27.90,€
703,7412236,mercearia,Café Solúvel Clássico,0.2,KG,3.49,17.45,€
704,7377316,mercearia,Snacks Batata Natas & Cebola,0.175,KG,2.99,17.09,€
705,5343579,mercearia,Massa Gemelli,0.5,KG,2.04,4.08,€
706,2893617,mercearia,Azeite Virgem Extra Reserva,0.75,LT,5.93,7.91,€
707,7358218,mercearia,Bolachas Chocolate e Cacau,0.16,KG,2.39,14.94,€
708,2193532,mercearia,Mel Mil Flores,0.5,KG,3.49,6.98,€
709,5244204,mercearia,Bebida de Chocolate Solúvel sem Glúten,0.8,KG,3.49,4.36,€
710,4578004,mercearia,Bolachas com Chocolate Ronditas Diet Nature,0.186,KG,3.89,20.91,€
711,4402168,mercearia,Barras de Cereais Morango e Chocolate Branco,0.126,KG,1.29,10.32,€
712,7091779,mercearia,Pimentão Doce em Frasco,0.045,KG,0.59,13.11,€
713,4652285,mercearia,Biscoitos de Canela,0.75,KG,3.49,4.65,€
714,5778643,mercearia,Cereais Fitness Chocolate Preto,0.375,KG,4.49,11.97,€
715,5804735,mercearia,Massa Espirais Wok,0.5,KG,1.87,3.74,€
716,6040943,mercearia,Bolachas Passitas,0.15,KG,1.79,11.93,€
717,6516611,mercearia,Pastilhas Elásticas de Spearmint,2.0,KG,1.59,28.39,€
718,4635713,mercearia,Bolachas Choco Minis Leite,0.185,KG,2.65,14.32,€
719,2161268,mercearia,Bolachas de Água e Sal,0.375,KG,1.29,3.44,€
720,2550319,mercearia,Cereais Fitness Trigo e Aveia Integral,0.625,KG,3.59,5.74,€
721,3731575,mercearia,Massa Spaghettini,0.5,KG,1.97,3.94,€
722,7172330,mercearia,Rebuçados Energy Cola,0.032,KG,0.94,29.38,€
723,3740105,mercearia,Infusão Cidreira Pyramid Saquetas,20.0,UN,1.49,0.07,€
724,2093734,mercearia,Gelatina em Pó Tutti-Fruti,2.0,KG,0.99,5.82,€
725,6646028,mercearia,Alho Moído,0.052,KG,3.21,61.73,€
726,7359687,mercearia,Tablete de Chocolate Culinária 70%,0.2,KG,1.79,8.95,€
727,6748609,mercearia,Massa Orecchiette,0.5,KG,3.1,6.20,€
728,2953024,mercearia,Tablete de Chocolate Excellence 85% Cacau,0.1,KG,2.99,29.90,€
729,6581744,mercearia,Infusão Camomila Saquetas,10.0,UN,0.99,0.10,€
730,7421888,mercearia,Snack para Bebé Tubinhos de Grão de Bico +12M,0.02,KG,1.49,74.50,€
731,2735726,mercearia,Feijão Preto,0.5,KG,1.99,3.98,€
732,3714329,mercearia,Bolachas Cracker Sabor Original,0.3,KG,2.99,9.97,€
733,5000253,mercearia,Filete de Atum ao Natural,0.12,KG,2.16,25.71,€
734,5181117,mercearia,Tortilhas de Trigo,0.35,KG,3.49,9.97,€
735,7319855,mercearia,Pack Saquetas de Fruta Familiar +3A,12.0,KG,8.49,7.86,€
736,4322860,mercearia,Leite de Coco,0.2,LT,1.69,8.45,€
737,4389827,mercearia,Bolo Planetus,0.21,KG,2.19,10.43,€
738,4257088,mercearia,Tostas Suecas,0.225,KG,1.02,4.53,€
739,6997967,mercearia,Bagas de Goji,0.15,KG,2.99,19.93,€
740,4324986,mercearia,Bolachas Wafers de Chocolate de Leite,0.18,KG,2.99,16.61,€
741,2084075,mercearia,Cavala em Tomate Picante,0.12,KG,0.89,9.89,€
742,7175514,mercearia,Sardinha em Azeite,0.12,KG,1.99,23.69,€
743,6404500,mercearia,Polpa Tomate,0.5,LT,3.99,7.98,€
744,6643311,mercearia,Bolachas Cookie XL Chocolate de Leite,0.18,KG,2.59,14.39,€
745,5471170,mercearia,Gelatina em Pó de Melancia,2.0,KG,0.99,5.82,€
746,5654137,mercearia,Bolachas Digestivas de Canela,0.171,KG,1.99,11.64,€
747,6756773,mercearia,Batata Frita Ondulada Sabor Ovo com Presunto,0.15,KG,1.49,9.93,€
748,6118068,mercearia,Rebuçados de Mel e Limão,4.0,KG,2.99,23.36,€
749,4793081,mercearia,Tarteletes de Morango,0.15,KG,1.19,7.93,€
750,4837858,mercearia,Arroz Agulha,1.0,KG,1.5,1.50,€
751,2015462,mercearia,Massinha Pevide,0.25,KG,0.56,2.24,€
752,6032674,mercearia,Ervilha sem Glúten,3.0,KG,2.74,14.05,€
753,6837217,mercearia,Açúcar Mascavado 50 Saquetas,0.2,KG,1.59,7.95,€
754,5752119,mercearia,Café Moído Moagem Fina,0.25,KG,1.79,7.16,€
755,7550191,mercearia,Mini Muffins Little Bites,0.168,KG,2.19,13.04,€
756,4670909,mercearia,Atum Posta ao Natural,0.12,KG,1.36,16.19,€
757,6545071,mercearia,Massa Esparguete Integral com Aveia,0.5,KG,1.78,3.56,€
758,5564287,mercearia,Patê com Ervas Finas,0.055,KG,1.19,21.64,€
759,6909669,mercearia,Nestum Mel Zero +3A,0.25,KG,2.89,11.56,€
760,7618527,mercearia,Cápsulas de Café Potenza Int 9,10.0,UN,1.99,0.20,€
761,7411421,mercearia,Doce de Abóbora com Noz,0.345,KG,2.99,8.67,€
762,5564243,mercearia,Patê de Pato com Vinho do Porto,0.055,KG,1.19,21.64,€
763,2203036,mercearia,Arroz Agulha Extra Longo,1.0,KG,1.21,1.21,€
764,2894904,mercearia,Barras de Cereais Chocolate Fitness,0.141,KG,1.99,14.11,€
765,4728172,mercearia,Mel Flores,0.5,KG,3.49,6.98,€
766,7413143,mercearia,"Puré de Fruta Maçã, Kiwi e Ananás +8M",4.0,KG,2.89,7.61,€
767,2001144,mercearia,Massa Fettuccine,0.5,KG,1.68,3.36,€
768,2231270,mercearia,Doce Extra Morango,0.37,KG,3.99,10.78,€
769,6951140,mercearia,Bolachas Digestivas Thins,0.27,KG,1.64,6.07,€
770,7352655,mercearia,Açúcar Mascavado,1.0,KG,2.39,2.39,€
771,7151135,mercearia,Maionese Top Down,0.24,KG,2.49,10.38,€
772,4863899,mercearia,Batata Frita Palha,0.2,KG,1.34,6.70,€
773,5775453,mercearia,Saqueta Multifrutos com Bolacha +6M,0.1,KG,0.79,7.90,€
774,7168016,mercearia,Boião de Fruta Pera e Maçã +4M,0.12,KG,1.19,9.92,€
775,5778949,mercearia,Granola Chocolate,0.3,KG,4.49,14.97,€
776,2417097,mercearia,Massa Bavette,0.5,KG,2.44,4.88,€
777,4362895,mercearia,Marmelada Pack Poupança,0.9,KG,2.69,2.99,€
778,7619971,mercearia,Cereais Starz com Mel,1.0,KG,5.59,5.59,€
779,7091768,mercearia,Pimenta Preta com Moínho em Frasco,0.045,KG,1.69,37.56,€
780,5028451,mercearia,Bolo Cake and Choc,0.175,KG,2.65,15.14,€
781,5356288,mercearia,Massa Espirais sem Glúten,0.5,KG,2.53,5.06,€
782,5046342,mercearia,Mostarda Top Down,0.25,KG,1.99,7.96,€
783,2005637,mercearia,Bolachas Wafers com Chocolate de Leite Waffeletten,0.1,KG,2.49,24.90,€
784,7209865,mercearia,Alho Picado em Saqueta,0.055,KG,0.89,16.18,€
785,6292995,mercearia,Tostas Rústicas Integrais,0.24,KG,2.3,9.58,€
786,6032682,mercearia,Salsichas de Tofu com Ervas Finas Frasco 5 un sem Glúten,0.36,KG,2.99,14.95,€
787,6639164,mercearia,Pipocas Doces Balde,0.24,KG,2.89,12.04,€
788,5884022,mercearia,Massa Linguine sem Glúten,0.4,KG,2.91,7.28,€
789,6998107,mercearia,Miolo de Caju com Piripiri,0.2,KG,3.19,15.95,€
790,6046609,mercearia,Pimenta Branca com Moínho em Frasco,0.037,KG,1.69,45.68,€
791,6453844,mercearia,Tortitas de Milho sem Sal,0.13,KG,1.89,14.54,€
792,7411383,mercearia,Infusão Maçã e Canela Saquetas,25.0,UN,1.24,0.05,€
793,2002056,mercearia,Pickles sem Glúten,0.345,KG,1.49,8.28,€
794,7383327,mercearia,Bolachas Golden Mini Recheio de Creme,0.16,KG,1.69,10.56,€
795,6980111,mercearia,Tablete de Chocolate de Leite com Amêndoa,0.2,KG,1.79,8.95,€
796,7413236,mercearia,Pack Puré de Fruta Frutos Variados +6M,8.0,KG,5.09,6.70,€
797,7279848,mercearia,Sardinha Inteira em Tomate,0.12,KG,0.79,9.29,€
798,5223378,mercearia,Tostas com Alho e Salsa,0.1,KG,1.87,18.70,€
799,6610286,mercearia,Atum Posta ao Natural,0.385,KG,5.36,19.85,€
800,7312746,mercearia,Flocos de Batata para Puré sem Glúten,0.5,KG,1.89,3.78 ,€
801,7577612,mercearia,Snack para Bebé Milho e Aveia +8M,0.025,KG,1.51,60.40,€
802,7655626,mercearia,Iogofruta Morango +6M,4.0,KG,2.79,7.34,€
803,7209850,mercearia,Pimenta Preta em Grão em Saqueta,0.05,KG,0.99,19.80,€
804,5070815,mercearia,Infusão Frutos Vermelhos Saquetas,20.0,UN,1.84,0.09,€
805,7096495,mercearia,Tomate em Pedaços com Cebola e Alho,0.39,KG,1.79,4.59,€
806,7377315,mercearia,Snacks Batata Original,0.175,KG,2.99,17.09,€
807,2388596,mercearia,Farinha de Trigo Fina com Fermento,1.0,KG,0.69,0.69,€
808,6811345,mercearia,Massa Linguini Bronzo,0.5,KG,1.21,2.42,€
809,5684071,mercearia,Manteiga de Amendoim Cremosa,0.5,UN,3.49,6.98,€
810,2004155,mercearia,Caldo de Carne Cubos sem Glúten,24.0,KG,4.99,20.79,€
811,6834864,mercearia,Pão Ralado de Alho e Salsa,0.24,KG,0.75,3.13,€
812,2003379,mercearia,Mistura de Pimenta e Especiarias 5 Bagas com Moinho em Frasco,0.024,KG,2.89,120.42,€
813,7636421,mercearia,Molho Arrabbiata,0.4,KG,4.69,11.73,€
814,5740053,mercearia,Cápsulas de Café Rossio Int 12,30.0,UN,5.69,0.19,€
815,2003526,mercearia,Polpa de Tomate,1.0,KG,2.64,2.64,€
816,7158905,mercearia,Barras de Cereais Morango Fitness,0.141,KG,1.99,14.11,€
817,7362988,mercearia,Tablete de Chocolate Culinária 43%,0.2,KG,1.15,5.75,€
818,6847494,mercearia,Canela em Pau em Saqueta,0.08,KG,2.09,26.13,€
819,2735673,mercearia,Arroz Basmati,0.5,KG,1.17,2.34,€
820,4816740,mercearia,Bolachas Cream Cracker,0.2,KG,0.69,3.45,€
821,5679841,mercearia,Infusão Lúcia-Lima Saquetas,10.0,UN,0.69,0.07,€
822,7181155,mercearia,Cereais Estrelitas Mel,0.27,KG,2.99,11.07,€
823,7623704,mercearia,Cápsulas de Café Brazil,10.0,UN,4.59,0.46,€
824,7371355,mercearia,Bolachas Cobertas Chocolate Branco,0.15,KG,1.29,8.60,€
825,7095385,mercearia,Feijão Branco Cozido sem Glúten,0.54,KG,2.99,5.54,€
826,4876374,mercearia,Galetes de Arroz sem Sal Finíssimas sem Glúten,0.13,KG,1.39,10.69,€
827,7411102,mercearia,Mostarda Top Down,0.23,KG,2.09,9.09,€
828,6643595,mercearia,Bolachas Dinossauros,0.185,KG,1.49,8.05,€
829,6160124,mercearia,Cereais Krave de Avelã,0.6,KG,3.59,5.98,€
830,7628089,mercearia,Salsichas de Peru Forno de Lenha 5 un sem Glúten,0.43,KG,2.85,12.95,€
831,6179525,mercearia,Massa Esparguete,0.5,KG,2.04,4.08,€
832,6671541,mercearia,Infusão Erva-Príncipe  Saquetas,10.0,UN,1.09,0.11,€
833,7242032,mercearia,Sardinha sem Pele e sem Espinha em Azeite,0.12,KG,1.69,19.88,€
834,7599916,mercearia,Paprika Saqueta,0.035,KG,1.39,39.71,€
835,7100910,mercearia,Gelatina em Pó de Ananás,0.114,KG,1.99,17.46,€
836,5693833,mercearia,Folhas Frescas para Lasanha,0.25,KG,1.12,4.48,€
837,6644072,mercearia,Massa Esparguete Tricolor,0.5,KG,1.21,2.42,€
838,2678199,mercearia,Açúcar Mascavado,0.5,KG,1.79,3.58,€
839,7136922,mercearia,"Barras de Amendoim, Avelã, Caju e Arando sem Glúten",0.1,KG,1.69,16.90,€
840,7029153,mercearia,Miolo de Amêndoa sem Pele,0.2,KG,2.99,14.95,€
841,7231024,mercearia,Cápsulas de Café Ristretto Robusto Int 12 Pack Poupança,30.0,UN,5.99,0.20,€
842,5313099,mercearia,Nestlé Sobremesas Tablete de Chocolate Culinária 44%,0.2,KG,2.12,10.60,€
843,4322683,mercearia,Pipocas Doces Micro-ondas,3.0,KG,1.49,4.97,€
844,7622140,mercearia,Tomate Pelado Inteiro,0.4,KG,1.29,3.23,€
845,7400026,mercearia,Ketchup Familiar,0.84,KG,3.1,3.69,€
846,4997134,mercearia,Massa Mini-Laços com Vegetais,0.5,KG,1.87,3.74,€
847,7367945,mercearia,Tablete de Chocolate de Leite,0.1,KG,0.69,6.90,€
848,5252621,mercearia,Bolachas de Frutos Silvestres,0.3,KG,2.99,9.97,€
849,6300980,mercearia,Tablete de Chocolate de Leite,0.27,KG,4.39,16.26,€
850,6950055,mercearia,Cápsulas de Café Qharacter Int 9,60.0,UN,18.99,0.32,€
851,6034310,mercearia,Massa Tagliatelle Sêmola,0.5,KG,3.57,7.14,€
852,5832171,mercearia,Bolachas Shortcake de Chocolate,0.185,KG,1.19,6.43,€
853,6769902,mercearia,Tortitas de Milho sem Glúten,0.13,KG,0.99,7.62,€
854,2060804,mercearia,Massa Meada,0.5,KG,1.31,2.62,€
855,2003969,mercearia,Massinha Letras,0.25,KG,0.59,2.36,€
856,4552627,mercearia,Massa Hélices,0.5,KG,1.5,3.00,€
857,2604853,mercearia,Massa Instantânea Chinesa de Galinha,0.085,KG,0.83,9.76,€
858,6284505,mercearia,Massa Tagliatelle,0.5,KG,2.91,5.82,€
859,7367977,mercearia,Cápsulas de Café Timor Int 7,10.0,UN,4.59,0.46,€
860,7472572,mercearia,Molho de Soja,0.2,LT,0.99,4.95,€
861,6960890,mercearia,Ananás em Calda Sumo Natural,0.82,KG,4.49,5.48,€
862,7536993,mercearia,Massa Esparguete Alentejo,0.5,KG,0.93,1.86,€
863,2685884,mercearia,Snacks de Milho Pandilla,0.075,KG,1.49,19.87,€
864,6980803,mercearia,Bolachas de Chocolate,0.3,KG,2.99,9.97,€
865,2384858,mercearia,Bolachas com Recheio de Leite e Cacau Tosta Rica Choco Guay,0.168,KG,1.69,10.06,€
866,4930349,mercearia,Doce Frutos Vermelhos Light,0.34,KG,1.69,4.97,€
867,4322894,mercearia,Massa de Alho sem Glúten,0.2,KG,0.85,4.25,€
868,6629409,mercearia,Sardinha em Azeite,0.12,KG,1.52,18.10,€
869,2564354,mercearia,Bolo Glacé,0.3,KG,2.89,9.63,€
870,7180453,mercearia,Bolachas Wafer Baunilha Diet Nature,0.18,KG,2.44,13.56,€
871,7324691,mercearia,Gomas Ursinhos sem Glúten,0.3,KG,1.49,4.97,€
872,7410173,mercearia,Puré de Fruta Maçã e Pera +6M,4.0,KG,2.89,7.61,€
873,5568753,mercearia,Massa Esparguete Integral,0.5,KG,2.14,4.28,€
874,4807622,mercearia,Crackies de Milho sem Sal sem Glúten,0.13,KG,1.59,12.23,€
875,2384478,mercearia,Feijão Encarnado Cozido,3.0,KG,3.79,10.11,€
876,5523808,mercearia,Massa Linguine,0.5,KG,2.04,4.08,€
877,4769948,mercearia,Bolachas Digestivas de Aveia,0.171,KG,1.99,11.64,€
878,3045061,mercearia,Feijocas Cozidas,0.56,KG,2.39,5.98,€
879,7384607,mercearia,Bolacha Maria Dourada,0.8,KG,1.99,2.49,€
880,7736514,mercearia,"Doses Fruta Maçã, Cenoura, Tangerina e Banana Super Kids",3.0,LT,1.83,5.55,€
881,2463453,mercearia,Bolachas Wafers Quadratini com Recheio Avelã,0.25,KG,3.39,13.56,€
882,7618525,mercearia,Cápsulas de Café Seducente Int 8,10.0,UN,1.99,0.20,€
883,7625374,mercearia,Cápsulas de Café Onyx Int 12,40.0,UN,13.99,0.35,€
884,7368467,mercearia,Sardinha em Tomate Picante,0.12,KG,0.89,10.47,€
885,2093726,mercearia,Gelatina em Pó de Pêssego,2.0,KG,0.99,5.82,€
886,2005722,mercearia,Vinagre de Vinho Branco,0.75,LT,1.29,1.72,€
887,6831238,mercearia,Massa Esparguete,0.5,KG,1.21,2.42,€
888,6604603,mercearia,Atum em Azeite,0.385,KG,2.82,11.28,€
889,7295490,mercearia,Puré de Fruta 4 Frutas e Aveia +8M,4.0,KG,2.29,5.73,€
890,2414320,mercearia,Arroz Carolino Extra Longo,1.0,KG,2.01,2.01,€
891,6758815,mercearia,Gelatina Pronta Manga e Maracujá,0.4,KG,0.99,2.48,€
892,5129567,mercearia,Maçã Vermelha Desidratada,0.06,KG,1.99,33.17,€
893,7303769,mercearia,Alho Picado em Frasco,0.055,KG,0.99,18.00,€
894,4949356,mercearia,Cápsulas de Café Descafeinado Int 5,10.0,UN,1.89,0.19,€
895,2733489,mercearia,Grão de Bico,0.5,KG,0.93,1.86,€
896,7441448,mercearia,Ketchup Top Down sem Glúten,0.34,KG,0.99,2.91,€
897,7447100,mercearia,Bolachas Digestivas de Aveia com Chocolate,0.3,KG,1.39,4.63,€
898,3731488,mercearia,Massa Tagliatelle Nido,0.5,KG,2.97,5.94,€
899,4024417,mercearia,Massa Cotovelos Finos,0.5,KG,1.5,3.00,€
900,2348932,mercearia,Rebuçados Original,4.0,KG,2.99,23.36,€
901,5049953,mercearia,Gelatina em Pó Light de Ananás,2.0,KG,2.09,69.67,€
902,5752105,mercearia,Café em Grão,1.0,KG,6.59,6.59,€
903,2767062,mercearia,Sal Marinho Tradicional,1.0,KG,0.89,0.89,€
904,2841580,mercearia,Snacks Bolachas Krititas Krit,0.35,KG,2.94,8.40,€
905,3907632,mercearia,Sardinha em Tomate,0.12,KG,1.09,12.11,€
906,6989543,mercearia,Cápsulas de Café Blonde Int 6,10.0,UN,3.89,0.39,€
907,7379467,mercearia,Batata Frita Lisa Original,0.16,KG,1.19,7.44,€
909,7615766,mercearia,Saqueta de Fruta Pera +4M,0.09,KG,1.29,14.33,€
910,5997405,mercearia,Noodles de Camarão Banzai,0.067,KG,1.19,17.76,€
911,6997962,mercearia,Ameixa Seca com Caroço,0.2,KG,1.49,7.45,€
912,7091787,mercearia,Cebolinho Folha em Frasco,0.008,KG,0.99,123.75,€
913,4312748,mercearia,Leite Condensado Magro,0.397,KG,1.49,3.75,€
914,7190308,mercearia,Barras de Cereais Frutos Vermelhos Shape & Go,0.126,KG,1.59,12.62,€
915,5238077,mercearia,Infusão Camomila Saquetas,25.0,UN,0.79,0.03,€
916,4026570,mercearia,Molho Basílico em Vidro sem Glúten,0.4,KG,4.69,11.73,€
917,7030202,mercearia,Uva Passa Moscatel,0.25,KG,1.59,6.36,€
918,5000349,mercearia,Bolachas Integrais,0.2,KG,1.19,5.95,€
919,5874366,mercearia,Drageias Gorila Go Fresh Spearmint,0.02,UN,0.76,38.00,€
920,6788489,mercearia,Orégãos Folha em Frasco,0.011,KG,0.59,53.64,€
921,6968006,mercearia,Maçã Verde de Alcobaça Desidratada,0.02,KG,0.89,44.50,€
922,4024206,mercearia,Massa Tortiglioni,0.5,KG,2.44,4.88,€
923,5523830,mercearia,Massa Esparguete Nero Di Seppia,0.5,KG,4.59,9.18,€
924,7421885,mercearia,Snack para Bebé Estrelas de Ananás e Quinoa +12M,0.02,KG,1.49,74.50,€
925,7595282,mercearia,Vinagre Balsâmico,0.5,LT,1.99,3.98,€
926,7390763,mercearia,Cápsulas de Café Espresso Ristretto Int 11,20.0,UN,8.49,0.42,€
927,2003940,mercearia,Massa Cotovelos,0.5,KG,1.12,2.24,€
928,2359991,mercearia,Tablete de Chocolate Negro Excellence 70% Cacau,0.1,KG,2.99,29.90,€
929,6461431,mercearia,Barras de Cereais Frutos Vermelhos e Chocolate Branco Shape & Go,0.129,KG,1.59,12.33,€
930,4876377,mercearia,Galetes de Milho sem Sal Finíssimas sem Glúten,0.13,KG,1.39,10.69,€
931,2388512,mercearia,Farinha de Trigo Super Fina com Fermento,1.0,KG,0.69,0.69,€
932,5779885,mercearia,Bebida de Chocolate Solúvel sem Glúten,1.0,KG,7.99,7.99,€
933,7623691,mercearia,Cápsulas de Café Buondi Intenso Int 10,64.0,UN,18.99,0.30,€
934,6786974,mercearia,Açúcar Mascavado,1.0,KG,3.15,3.15,€
935,7604027,mercearia,Cereais Lion Maxi,0.675,KG,3.59,5.32,€
936,3733734,mercearia,Mostarda Original Frasco,0.19,KG,2.49,13.11,€
937,4092713,mercearia,Polpa de Tomate,0.5,KG,1.65,3.30,€
938,6980802,mercearia,Tomate Frito,0.21,KG,1.35,6.43,€
939,7122630,mercearia,Grão de Bico Cozido sem Glúten,0.38,KG,1.19,4.76,€
940,3826793,mercearia,Tablete de Chocolate Culinária 70%,0.2,KG,2.84,14.20,€
941,7183105,mercearia,Tortitas de Arroz sem Sal sem Glúten,0.13,KG,0.79,6.08,€
942,4883021,mercearia,Arroz Thai Jasmim,1.0,KG,1.62,1.62,€
943,7714042,mercearia,"Saqueta de Fruta Ameixa, Cenoura, Pera e Beterraba +6M",0.085,KG,0.89,10.47,€
944,3646808,mercearia,Chá Preto Descafeinado Saquetas,10.0,UN,0.89,0.09,€
945,4405437,mercearia,Bolachas Digestivas Original,0.4,KG,2.89,7.23,€
946,7367946,mercearia,Tablete de Chocolate Branco,0.1,KG,0.79,7.90,€
948,7447021,mercearia,Bombons de Chocolate e Avelã,0.18,KG,2.49,13.83,€
949,6818502,mercearia,Massa Fusilli,0.5,KG,1.21,2.42,€
950,7088681,mercearia,Bolachas Bakefuls com Sal,0.08,KG,1.89,23.63,€
951,2735745,mercearia,Feijão Manteiga,0.5,KG,2.19,4.38,€
952,2410887,mercearia,Doce Arandos e Mirtilos,0.284,KG,4.39,15.46,€
953,5813906,mercearia,Iogurte Magro e Gelatina Framboesa,0.48,KG,1.69,3.52,€
954,4930351,mercearia,Doce Extra Tomate Light,0.34,KG,1.69,4.97,€
955,5374009,mercearia,Creme para Barrar Chocolate e Avelãs,0.35,KG,3.79,10.83,€
956,7374363,mercearia,Bolachas Cracker Integral,0.267,KG,2.65,9.93,€
957,5223373,mercearia,Tostas com Azeite e Sal,0.1,KG,1.87,18.70,€
958,5128353,mercearia,Tostas de Trigo,0.225,KG,0.83,3.69,€
959,4235497,mercearia,Papa Infantil Farinha Láctea Multicereais +6M,2.0,LT,2.39,4.78,€
960,4304000,mercearia,Tortilhas de Milho com Sabor Natural,0.2,KG,2.79,13.95,€
961,5523838,mercearia,Massa Farfalle,0.5,KG,2.04,4.08,€
962,6804500,mercearia,Bolachas Digestivas Aveia e Chocolate,0.27,KG,3.44,12.74,€
963,6530946,mercearia,Bolas de Cereais de Milho com Mel,0.5,KG,2.45,4.90,€
964,6411634,mercearia,Maçã Desidratada com Canela,0.02,KG,0.99,49.50,€
965,5523885,mercearia,Massa Fusilli Tricolore,0.5,KG,2.61,5.22,€
966,5818236,mercearia,Maionese Magra em Vidro,0.48,LT,4.89,10.19,€
967,6046669,mercearia,Salsa Folha em Saqueta,0.01,KG,0.39,39.00,€
968,7413144,mercearia,Puré de Fruta Ameixa e Maçã +6M,4.0,KG,2.89,7.61,€
969,7390489,mercearia,Caldo de Legumes Cubos sem Glúten,12.0,KG,0.99,8.25,€
971,4384546,mercearia,Bolachas Recheio de Leite Cobertura de Chocolate,0.15,KG,1.49,9.93,€
972,2003329,mercearia,Massinha Letras,0.25,KG,0.8,3.20,€
973,6471064,mercearia,Biscoitos Linhaça e Curcuma,0.22,KG,2.85,12.95,€
974,4025787,mercearia,Massa Mezze Penne Tricolor,0.5,KG,3.1,6.20,€
976,7029251,mercearia,Mix Caju Cru e Arandos,0.2,KG,2.99,14.95,€
977,2893023,mercearia,Azeite Virgem Delicado,0.75,LT,5.36,7.15,€
978,4968830,mercearia,Snack de Chocolate de Leite,24.0,KG,4.39,14.63,€
979,6293022,mercearia,Tostas Rústicas 9 Cereais,0.24,KG,2.31,9.63,€
980,7334333,mercearia,Bolacha Shortcake,0.185,KG,0.99,5.35,€
981,7576908,mercearia,Pimenta Preta em Grão Saqueta,0.035,KG,1.79,51.14,€
982,7612915,mercearia,Barra Proteína Vegetal Cookies & Cream Zero,0.055,KG,1.99,36.18,€
983,5734823,mercearia,Muesli Crunchy Frutos,0.5,KG,2.49,4.98,€
984,7473120,mercearia,Snack para Bebé Cenoura +10M,0.04,KG,1.91,7.96,€
985,6644074,mercearia,Muesli Crunchy,1.0,KG,3.49,3.49,€
986,7307226,mercearia,Tempero Sumo de Limão,0.2,LT,0.59,2.95,€
987,5529480,mercearia,Ketchup Hot Chili Top Down sem Glúten,0.46,KG,3.04,6.61,€
988,7100596,mercearia,Gelatina em Pó de Tutti Fruti,0.114,KG,1.99,17.46,€
989,5558745,mercearia,Maionese Top Down,0.2,LT,2.49,12.45,€
990,5515841,mercearia,Granola Chocolate e Coco,0.35,KG,3.99,11.40,€
991,7251788,mercearia,Napolitanas de Baunilha,0.27,KG,1.39,5.15,€
992,6823765,mercearia,Bolachas Mini Estrelas Chocolate Branco,0.187,KG,2.65,14.17,€
993,7361216,mercearia,Bolachas Pequeno Almoço Frutos Vermelhos,0.3,KG,1.99,6.63,€
994,3040717,mercearia,Arroz Risotto,0.5,KG,1.27,2.54,€
995,6968100,mercearia,Bolachas de Muesli,6.0,KG,2.99,9.97,€
996,7161871,mercearia,"Papa Infantil Láctea Aveia, Maçã e Ameixa Seleção da Natureza +6M",0.24,KG,3.29,13.71,€
997,2408288,mercearia,Patê de Sardinha,0.075,KG,1.96,26.13,€
998,7032531,mercearia,Bolachas Morning Break Aveia e Chia,0.3,KG,2.19,7.30,€
999,2195603,mercearia,Massinha Letras,0.25,KG,0.56,2.24,€
1000,7652111,mercearia,Mistura de Ervas Aromáticas para Grelhados de Carne em Saqueta,0.024,KG,3.29,137.08,€
1001,2232268,mercearia,Tortitas de Arroz Integral com Chocolate Negro,0.13,KG,2.75,21.15,€
1002,7407641,mercearia,Tablete de Chocolate Negro com Avelã Inteira,0.1,KG,0.99,9.90,€
1003,5516539,mercearia,"Tortitas de Arroz Chocolate Branco, Limão e Coco",0.132,KG,2.75,20.83,€
1004,2005365,mercearia,Massa Esparguete,0.5,KG,1.82,3.64,€
1005,7399640,mercearia,Flor de Sal,0.15,KG,1.09,7.27,€
1006,7388327,mercearia,"Saqueta Manga, Pera e Aveia",0.12,KG,1.85,15.42,€
1007,7259028,mercearia,Azeite Virgem Extra Cooperativa,0.75,LT,4.7,6.27,€
1008,6579628,mercearia,Azeite Virgem Extra,0.75,LT,6.35,8.47,€
1009,2848212,mercearia,Atum Filete em Azeite,0.12,KG,2.25,26.79,€
1010,6989542,mercearia,Cápsulas de Café Descafeinado Roast Int 11,10.0,UN,3.89,0.39,€
1011,3731505,mercearia,Massa Fusilli,0.5,KG,1.97,3.94,€
1012,7421305,mercearia,Bolachas Recheadas Chocolate,0.44,KG,2.49,5.66,€
1013,4962050,mercearia,Salsichas de Soja Lata 8 un,0.36,KG,1.87,10.39,€
1014,2733485,mercearia,Feijão Vermelho,0.5,KG,0.93,1.86,€
1015,3853126,mercearia,Salsichas de Aves Frasco 5 un sem Glúten,0.4,KG,2.39,9.76,€
1016,7402092,mercearia,Bolachas Recheadas com Creme de Baunilha,0.44,KG,1.99,4.52,€
1017,6869202,mercearia,Azeite Virgem Extra Superior,0.75,LT,4.79,6.39,€
1018,7624729,mercearia,Gomas Mega Sortido Ácido,0.09,KG,1.39,15.44,€
1019,2811344,mercearia,Bolachas Crackers sem Sal,0.5,KG,3.54,7.08,€
1020,7361575,mercearia,Bolachas Pequeno Almoço Cereais Leite,0.3,KG,1.99,6.63,€
1021,7377408,mercearia,Noodles Pot Galinha Asia,0.065,KG,1.49,2.29,€
1022,7359782,mercearia,Salsichas Frankfurt Lata 8 un sem Glúten,0.424,KG,0.99,4.95,€
1023,7264559,mercearia,Bolachas Waffer Chocolate Diet Nature,0.18,KG,2.44,13.56,€
1024,2038022,mercearia,Pastilhas Elásticas Spearmint,4.0,KG,2.79,49.82,€
1025,4880689,mercearia,Bolachas Cracker Cream & Onion,0.1,KG,1.34,13.40,€
1026,6043520,mercearia,Tortilhas Mexicanas de Trigo,0.244,KG,2.29,9.39,€
1027,4307658,mercearia,Hambúrguer de Atum,2.0,KG,3.52,23.47,€
1028,5128583,mercearia,Flor de Sal,0.175,KG,1.99,11.37,€
1029,7463440,mercearia,Pistácio Torrado com Casca e Sal Marinho,0.2,KG,3.99,19.95,€
1030,6516612,mercearia,Pastilhas Elásticas de Melancia,2.0,KG,1.59,28.39,€
1031,7368483,mercearia,Sardinha em Azeite,0.12,KG,0.99,11.65 ,€
1032,7405314,mercearia,Cápsulas de Café Barista Int 9,64.0,UN,18.99,0.30,€
1033,5125048,mercearia,Massa Esparguete Quadri,0.5,KG,1.68,3.36,€
1034,3646753,mercearia,Infusão Tília Saquetas,10.0,UN,0.84,0.08,€
1035,5879150,mercearia,Massa Esparguete Integral,0.5,KG,1.31,2.62,€
1036,7447101,mercearia,Bolachas Digestivas de Aveia,0.425,KG,1.39,3.27,€
1037,6987457,mercearia,Doce Maçã e Canela,0.284,KG,4.39,15.46,€
1038,2407369,mercearia,Pão Ralado Clássico,0.2,KG,1.39,6.95,€
1039,5361495,mercearia,Bolachas com Pepitas de Chocolate Energy Chiquilin,0.2,KG,2.84,14.20,€
1040,6046675,mercearia,Canela Moída em Saqueta,0.1,KG,1.09,10.90,€
1041,7655789,mercearia,Saqueta de Fruta Frutos Variadas Patrulha Pata +12M,0.1,KG,1.09,10.90,€
1042,7413056,mercearia,Batata Frita Lisa Sabor Trufa,0.15,KG,1.49,9.93,€
1043,5883238,mercearia,Snack Mini Chia sem Glúten,0.05,KG,1.69,33.80,€
1044,6189716,mercearia,Massa Lasanha Sêmola,0.25,KG,2.53,10.12,€
1045,4302047,mercearia,Maionese em Vidro sem Glúten,0.419,KG,1.99,4.70,€
1046,2735678,mercearia,Arroz Thai Perfumado,0.5,KG,1.13,2.26,€
1047,7648473,mercearia,Snack para Bebé Morango +8M,0.018,KG,1.35,75.00,€
1048,4954623,mercearia,Granola Superior,0.5,KG,5.99,11.98,€
1049,5637218,mercearia,Chá Earl Grey Saquetas,25.0,UN,3.49,0.14,€
1050,5995534,mercearia,Biscoitos Limão e Chia,0.22,KG,2.89,13.14,€
1051,7331092,mercearia,Sardinha Inteira em Azeite Refinado,0.12,KG,0.89,10.47,€
1052,2634434,mercearia,Massa Espirais com Vegetais,0.5,KG,1.67,3.34,€
1053,6559345,mercearia,Puré de Pera Saqueta sem Glúten,0.1,KG,1.09,10.90,€
1054,6967196,mercearia,Cápsulas de Café MythiQ Int 15,10.0,UN,4.19,0.42,€
1055,2185260,mercearia,Patê de Sardinha,4.0,KG,1.39,15.80,€
1056,7162269,mercearia,Cápsulas de Café deQafeinatus Int 7,40.0,UN,13.99,0.35,€
1057,6751322,mercearia,Doce Quatro Frutos,0.5,KG,6.64,13.28,€
1058,5508744,mercearia,Salsichas Bockwurst Frasco 8 un sem Glúten,1.03,KG,5.99,8.32,€
1059,7619947,mercearia,Bolachas Crackers Folha de Milho,0.15,KG,1.99,13.27,€
1060,6967808,mercearia,Maçã Vermelha e Verde Desidratada,0.02,KG,0.89,44.50,€
1061,5180981,mercearia,Tortitas de Milho sem Glúten,0.13,KG,1.45,11.15,€
1062,7472576,mercearia,Molho Inglês,0.2,LT,0.99,4.95,€
1063,7639747,mercearia,Cápsulas de Café Ristretto Descafeinado Int 10,10.0,UN,3.49,0.35,€
1064,4566475,mercearia,Bolachas Cobertas com Chocolate de  Leite,0.246,KG,2.39,9.72,€
1065,2487220,mercearia,Bolachas Choco Biscuit Chocolate de Leite,0.15,KG,2.65,17.67,€
1066,2015460,mercearia,Massa Cotovelos Grossos,0.5,KG,0.93,1.86,€
1067,5621157,mercearia,Sal Fino,0.25,KG,0.27,1.08,€
1068,4105058,mercearia,Vinagre de Sidra,0.5,LT,1.03,2.06,€
1069,6998189,mercearia,Miolo de Noz Pedaços,0.2,KG,2.49,12.45,€
1070,2418568,mercearia,Molho para Massa Bolonhesa,0.4,KG,4.99,12.48,€
1071,3799485,mercearia,Rebuçados Citrus Mix,4.0,KG,2.99,23.36,€
1072,4651784,mercearia,Cápsulas de Café Expresso Buondi Int 8,16.0,UN,6.49,0.41,€
1073,2953090,mercearia,Noodles Tentação de Galinha,0.061,KG,1.54,25.25,€
1074,2003916,mercearia,Polpa de Tomate,0.21,KG,0.89,4.24,€
1075,2797258,mercearia,Cereais Fitness Chocolate,0.375,KG,4.49,11.97,€
1076,7214628,mercearia,Cápsulas de Café Magnus Int 12,10.0,UN,1.89,0.19,€
1077,7403451,mercearia,Gelatina Ananás 0% Açúcar,0.031,KG,0.99,31.94,€
1078,5237994,mercearia,Infusão Tília Saquetas,25.0,UN,0.79,0.03,€
1079,6604602,mercearia,Atum ao Natural,0.385,KG,2.59,9.59,€
1080,6909794,mercearia,Nestum Espelta e Aveia Zero +3A,0.25,KG,2.89,11.56,€
1081,7393783,mercearia,Cereais de Trigo Integral com Pedaços de Amêndoa Clusters,0.325,KG,4.69,14.43,€
1082,7619987,mercearia,Snack 3D'S Pack Poupança,0.16,KG,2.99,18.69,€
1083,7224409,mercearia,Cápsulas de Café Magnus Int 12 Pack Poupança,30.0,UN,4.99,0.17,€
1084,4816759,mercearia,Bolachas Cream Cracker,0.6,KG,1.99,3.32,€
1085,7571550,mercearia,Batatas Fritas Palha Caseira,0.17,KG,1.99,11.71,€
1086,5500170,mercearia,Salsichas de Frango Cuida-t+ Frasco 4 un,0.43,KG,2.99,14.24,€
1087,7088606,mercearia,Tablete de Chocolate Negro com Avelã,0.18,KG,3.79,21.06,€
1088,7205701,mercearia,Pedaços de Caju,0.2,KG,1.99,9.95,€
1089,4722046,mercearia,Sal do Mediterrâneo com Moínho em Frasco,0.068,KG,4.49,66.03,€
1090,5343516,mercearia,Farinha de Trigo T55,1.0,KG,1.98,1.98,€
1091,7242033,mercearia,Sardinha sem Pele e sem Espinha em Tomate,0.12,KG,1.69,19.88,€
1092,4806754,mercearia,Sementes de Chia,0.15,KG,2.29,15.27,€
1093,5605509,mercearia,Noodles de Galinha Banzai,0.067,KG,1.19,17.76,€
1094,2007348,mercearia,Salsichas Frankfurt Lata 8 un,0.35,KG,1.39,6.95,€
1095,6000572,mercearia,Bolachas Digestivas com Chocolate de Leite,0.1998,KG,2.89,14.52,€
1096,7413140,mercearia,"Puré de Fruta Maçã, Banana e Laranja +6M",4.0,KG,2.89,7.61,€
1097,4439889,mercearia,Pastilhas Elásticas de Morango,4.0,KG,1.59,18.07,€
1098,6629380,mercearia,Sardinha em Tomate Picante,0.12,KG,1.42,18.21,€
1099,2545753,mercearia,Doce Extra Figo,0.37,KG,3.99,10.78,€
1100,6212796,mercearia,Pastilhas Elásticas Peppermint,0.08259999999999999,KG,2.99,36.46,€
1101,6119213,mercearia,Arroz Longo Comum,1.0,KG,1.02,1.02,€
1102,7618528,mercearia,Cápsulas de Café Ristretto Int 10,10.0,UN,1.99,0.20,€
1103,6046677,mercearia,Pimentão Doce em Saqueta,0.05,KG,0.59,11.80,€
1104,7285936,mercearia,Pipocas Caramelizadas Salgadas,0.15,KG,1.29,8.60,€
1105,4083135,mercearia,Couscous,1.0,KG,2.97,2.97,€
1106,7620722,mercearia,Cápsulas de Café Intenso Int 12,10.0,UN,3.14,0.31,€
1107,2005191,mercearia,Atum em Óleo,0.12,KG,1.88,21.86,€
1108,7147179,mercearia,Sardinha sem Pele e sem Espinhas em Azeite Virgem Extra,0.12,KG,2.8,33.33,€
1109,7399127,mercearia,Snack para Bebé Morango e Banana +8M,0.02,UN,1.19,59.50,€
1110,4088709,mercearia,Bolachas Soft Cake de Laranja e Chocolate Negro,0.3,KG,1.59,5.30,€
1111,4116974,mercearia,Tortitas de Arroz Chocolate Negro,0.093,KG,2.75,29.57,€
1112,7394917,mercearia,Bolachas Chocolate Negro,0.075,KG,1.69,22.53,€
1113,2021421,mercearia,Sal Fino,0.25,KG,0.49,1.96,€
1114,7520070,mercearia,Sopa de Agrião,0.053,KG,1.59,30.00,€
1115,2005271,mercearia,Chocolate em Pó sem Glúten,0.125,KG,1.04,8.32,€
1118,7335986,mercearia,Bolachas Pequeno Almoço Aveia,0.3,KG,1.99,6.63,€
1119,7520374,mercearia,Gomas Ositos de Oro,0.25,KG,1.79,7.16,€
1120,2735735,mercearia,Grão de Bico,0.5,KG,1.53,3.06,€
1121,7376469,mercearia,Sopa de Cebola,0.051,KG,0.89,17.45,€
1122,4920353,mercearia,Ketchup Top Down sem Glúten,0.275,KG,2.89,10.51,€
1123,7224112,mercearia,Barras de Cereais Chocolate Negro Linha,0.138,KG,2.25,16.30,€
1124,4312968,mercearia,Bolachas de Cereais com Chocolate,0.3,KG,2.99,9.97,€
1125,6418338,mercearia,Tempero de Pimentão Doce e Louro em Frasco,0.035,KG,1.49,42.57,€
1126,5078541,mercearia,Tostas de Trigo,0.75,KG,2.25,3.00,€
1127,7724071,mercearia,Gelatina Pronta Melancia,0.36,KG,1.99,5.53,€
1128,7411386,mercearia,Infusão Frutos Vermelhos Saquetas,25.0,UN,1.24,0.05,€
1129,6591129,mercearia,Creme para Barrar Cacau e Avelãs,0.75,KG,3.29,4.39,€
1130,2384473,mercearia,Feijão Branco Cozido,3.0,KG,3.79,10.11,€
1131,3731512,mercearia,Massa Fusilli Tricolor,0.5,KG,2.82,5.64,€
1132,5302685,mercearia,Maçã Desidratada com Canela,0.06,KG,2.25,37.50,€
1133,7577571,mercearia,"Saqueta de Fruta Banana, Iogurte, Mirtilo e Aveia +6M",0.1,KG,1.19,11.90,€
1134,5070838,mercearia,Infusão Camomila Saquetas,20.0,UN,1.39,0.07,€
1135,7140427,mercearia,Doce Framboesa e Romã,0.28,KG,2.99,10.68,€
1136,5798927,mercearia,Wrap Original,0.37,KG,2.95,7.97,€
1137,6988439,mercearia,Infusão Menta e Eucalipto Saquetas,20.0,UN,1.94,0.10,€
1138,6998047,mercearia,Milho Frito,0.25,KG,1.49,5.96,€
1139,4407681,mercearia,Caldo de Legumes Natura sem Glúten,4.0,KG,2.49,22.23,€
1140,7652103,mercearia,Mistura para Grelhados de Peixe,0.05,KG,3.29,65.80,€
1141,2411882,mercearia,Doce Cereja,0.284,KG,4.39,15.46,€
1142,7550686,mercearia,Molho Almô sem Glúten,0.45,KG,2.84,6.31,€
1143,2897333,mercearia,Patê de Atum em Escabeche,0.075,KG,1.96,26.13,€
1144,2936414,mercearia,Pastilhas Elásticas Frutos Silvestres,4.0,KG,2.79,49.82,€
1145,6418349,mercearia,Tempero de Cebola e Alho em Frasco,0.04,KG,1.49,37.25,€
1146,6748431,mercearia,Massa Pennette Integral,0.5,KG,3.1,6.20,€
1147,7724052,mercearia,Gelatina Pronta Ananás,0.36,KG,1.99,5.53,€
1148,2116730,mercearia,Doce Extra Cereja,0.375,KG,1.79,4.77,€
1149,7620735,mercearia,Cápsulas de Café Alma Quénia Int 11,10.0,UN,3.24,0.32,€
1150,4097420,mercearia,Ketchup Top Down sem Glúten,0.7,KG,3.93,5.61,€
1151,7399733,mercearia,Manteiga de Amendoim com Pedaços,0.35,KG,3.34,9.54,€
1152,5586168,mercearia,Patê de Atum,0.125,KG,1.29,10.32,€
1153,3693156,mercearia,Leite Infantil +3A,4.0,LT,1.75,2.19,€
1154,3040472,mercearia,Massa Instantânea Chinesa de Caril,0.085,KG,0.83,9.76,€
1155,5778947,mercearia,Granola Mel,0.3,KG,4.49,14.97,€
1156,2074302,mercearia,Mini Tostas de Trigo,0.35,KG,2.25,6.43,€
1157,7367947,mercearia,Tablete de Chocolate Negro,0.1,KG,0.69,6.90,€
1158,2002097,mercearia,Sardinha em Tomate Picante,0.125,KG,1.04,8.32,€
1159,7399130,mercearia,Snack para Bebé Ervilha e Queijo +8M,0.02,KG,1.19,59.50,€
1160,5895775,mercearia,Tiras de Milho Natural,0.075,KG,1.69,22.53,€
1161,4664693,mercearia,Bolachas Crackers Sésamo e Côco,0.264,KG,3.36,12.73,€
1162,7651009,mercearia,Pimenta Branca Moída em Saqueta,0.07,KG,1.99,28.43,€
1163,6665787,mercearia,Polpa de Tomate com Manjericão e Oregãos,0.5,KG,1.29,2.58,€
1164,2003929,mercearia,Farinha de Trigo T65,1.0,KG,1.39,1.39,€
1165,2404174,mercearia,Barras de Cereais Coco com Chocolate Muesli,0.15,KG,3.59,23.93,€
1166,7390490,mercearia,Caldo de Marisco Cubos sem Glúten,12.0,KG,0.99,8.25,€
1167,2003395,mercearia,Pimenta Preta com Moínho em Frasco,0.035,KG,2.89,82.57,€
1168,5500158,mercearia,Salsichas de Peru Cuida-t+ Frasco 4 un sem Glúten,0.43,KG,2.99,14.24,€
1169,7449598,mercearia,Azeitona Siciliana,0.15,KG,2.99,19.93,€
1171,2701137,mercearia,Alimento Lácteo Morango sem Glúten +6M,4.0,KG,2.63,6.57,€
1172,7382287,mercearia,Bolachas Wafers Chocolate e Avelã,0.18,KG,0.99,5.50,€
1173,7244149,mercearia,Tablete de Chocolate de Leite Extrafino com Amêndoa sem Glúten,0.27,KG,4.25,15.74,€
1174,7642118,mercearia,Pastilhas Elásticas Oral-B White Spearmint,0.017,KG,1.19,70.00,€
1175,7724042,mercearia,Gelatina Pronta Morango,0.36,KG,1.99,5.53,€
1176,4536907,mercearia,Adoçante em Pó 60 Sticks,0.06,UN,1.65,1.65,€
1177,7519432,mercearia,Batata Frita Lisa Sabor Vinagrete,0.15,KG,1.39,9.27,€
1178,6994393,mercearia,Massa Espirais Fusilli Molde Bronze,0.5,KG,1.74,3.48,€
1179,4566884,mercearia,Bolachas Cobertas com Chocolate Branco,0.246,KG,2.39,9.72,€
1180,7394968,mercearia,Bolachas Chocolate e Leite,0.075,KG,1.69,22.53,€
1181,6150400,mercearia,"Papa Infantil Láctea Aveia, Manga e Banana Seleção da Natureza +6M",0.24,KG,3.29,13.71,€
1182,4321724,mercearia,Gelatina Pronta Vegetal Melancia,0.13,KG,1.08,8.31,€
1183,6772760,mercearia,Batata Frita Sabor Chilli e Pimento Vermelho,0.15,KG,2.99,19.93,€
1184,7214627,mercearia,Cápsulas de Café Fortis Int 10,10.0,UN,1.89,0.19,€
1185,6189905,mercearia,Massa Noodles Wok,0.25,KG,1.87,7.48,€
1186,7324686,mercearia,Gomas Sortido Ácido sem Glúten,0.3,KG,1.59,5.30,€
1187,4449548,mercearia,Filetes de Anchovas em Azeite,0.08,KG,2.82,68.78,€
1188,5333254,mercearia,Farinha de Trigo Integral,0.5,KG,1.27,2.54,€
1189,5757911,mercearia,Atum Posta em Azeite,0.12,KG,1.64,21.03,€
1190,2665147,mercearia,Massa Tagliatelle Ninhos com Ovo,0.5,KG,2.59,5.18,€
1191,5761406,mercearia,Palitos com creme,0.054,KG,1.39,25.74,€
1192,6385849,mercearia,Gelatina em Pó de Frutos Vermelhos,0.031,KG,0.99,31.94,€
1193,6483229,mercearia,Patê de Pato,0.125,KG,1.19,9.52,€
1194,7723963,mercearia,Gelatina Pronta Frutos do Bosque sem Açúcar,0.36,KG,1.53,4.25,€
1195,6473552,mercearia,Bolachas Soft Bakes com Pepitas Chocolate,0.25,KG,3.35,13.40,€
1196,7579107,mercearia,Farinha de Trigo T65,1.0,KG,0.85,0.85,€
1197,7003287,mercearia,Sementes de Abóbora,0.2,KG,1.69,8.45,€
1198,7108328,mercearia,Drageias de Chocolate,0.3,KG,6.65,22.17,€
1199,6300974,mercearia,Tablete de Chocolate de Leite com Avelãs Inteiras,0.27,KG,4.39,16.26,€
1200,7751323,mercearia,Bolacha Choco Sticks,0.112,KG,1.99,17.77,€
1201,7466426,mercearia,Maionese Top Down sem Glúten,0.5,LT,1.99,3.98,€
1202,7029516,mercearia,Salsichas Hot Dog Frasco 8 un,0.65,KG,4.89,11.64,€
1203,7136923,mercearia,"Barras de Amendoim, Amêndoa e Arando sem Glúten",0.1,KG,1.69,16.90,€
1204,2004843,mercearia,Bolachas de Água e Sal,0.125,KG,0.99,7.92,€
1205,2962967,mercearia,Bulgur,0.5,KG,1.99,3.98,€
1206,4966713,mercearia,Molho de Soja com Menos Sal,0.15,LT,4.49,29.93,€
1207,7576912,mercearia,Tomilho Folhas Saqueta,0.011,KG,1.29,117.27,€
1208,3023130,mercearia,Alimento Lácteo Pera sem Glúten +6M,4.0,KG,2.63,6.57,€
1209,7619973,mercearia,Cereais Chocomax,1.0,KG,5.59,5.59,€
1210,4097319,mercearia,Molho de Alho Top Down,0.225,LT,2.99,13.59,€
1211,6283260,mercearia,Caldo para Arroz Cubos,24.0,KG,4.99,20.79,€
1212,7455107,mercearia,Tablete de Chocolate de Leite com Pepitas de Caramelo e Flor de Sal,0.1,KG,1.49,14.90,€
1213,7190310,mercearia,Barras de Cereais Original Shape & Go,0.126,KG,1.39,11.03,€
1214,5423120,mercearia,Salsichas Clássicas Aves,0.25,KG,1.59,6.36,€
1215,7552780,mercearia,Batata Frita Ondulada Sabor Sour Cream,0.15,KG,1.49,9.93,€
1216,2722439,mercearia,Bolo com Pepitas de Chocolate,0.28,KG,3.99,14.25,€
1217,3658669,mercearia,Sopa de Espargos,0.07,KG,1.59,22.71,€
1218,6172488,mercearia,Cereais Estrelitas Mel,0.55,KG,4.99,9.07,€
1219,6991390,mercearia,"Puré Maçã, Cenoura e Abóbora Saqueta",0.1,KG,1.09,10.90,€
1220,5023819,mercearia,Sortido de Bolachas,0.4,KG,2.49,6.23,€
1221,7465320,mercearia,Bolachas com Cobertura de Chocolate Negro,0.128,KG,1.89,14.77,€
1222,6882362,mercearia,Alimento Lácteo Morango e Banana +8M,4.0,KG,2.79,6.97,€
1223,7390028,mercearia,Mix Frutos Secos Puro Sabor,0.2,KG,3.19,15.95,€
1224,5801596,mercearia,Nestlé Moments Tablete de Chocolate Negro,0.09,KG,1.24,13.78,€
1225,6938751,mercearia,Barras de Cereais Crunchy Manteiga de Amendoim,0.21,KG,3.19,15.19,€
1226,7636122,mercearia,Orégãos Folha em Saqueta,0.018,KG,1.99,110.56,€
1227,7458828,mercearia,Caju de Moçambique Torrado,0.2,KG,5.29,26.45,€
1228,2418570,mercearia,Molho para Massa Napolitana sem Glúten,0.4,KG,4.69,11.73,€
1229,4694813,mercearia,Bolachas Chiquichocs Energy Chiquilin,0.14,KG,2.19,15.64,€
1231,2823116,mercearia,Bolo de Leite,0.28,KG,3.99,14.25,€
1232,6665761,mercearia,Coentros Folha em Frasco,0.007,KG,0.89,127.14,€
1233,7645343,mercearia,Creme para Barrar Chocolate e Avelã,0.9,KG,7.94,8.82,€
1234,2002235,mercearia,Salsichas Bockwurst Frasco 5 un,0.4,KG,2.39,9.76,€
1235,4302313,mercearia,Caldo de Galinha Cubos menos 30% Sal,8.0,KG,2.49,31.13,€
1236,5762559,mercearia,Bolachas Salgadas,0.1,KG,0.49,4.90,€
1237,5637264,mercearia,Infusão Limão e Gengibre Pyramid Saquetas,20.0,UN,2.09,0.10,€
1238,5512100,mercearia,Bolachas Vitalday Cereais com Frutos Vermelhos,0.24,KG,2.89,12.04,€
1239,2965895,mercearia,Feijão Frade Cozido,0.82,KG,2.39,4.60,€
1240,5346289,mercearia,Café Moído Torrado Moagem Única Lote Rossio Encorpado,0.25,KG,2.04,8.16,€
1241,7029078,mercearia,Amendoim Torrado com Casca,0.5,KG,1.69,3.38,€
1242,7659172,mercearia,Gomas Brilho Sortido,0.35,KG,2.99,8.54,€
1243,5692006,mercearia,Ervilhas Cozidas sem Glúten,0.42,KG,0.79,3.04,€
1244,6581987,mercearia,Infusão Cidreira Saquetas,10.0,UN,0.99,0.10,€
1245,6188309,mercearia,Wrap de Espelta e Aveia,0.37,KG,2.95,7.97,€
1246,6207593,mercearia,Tapioca Hidratada sem Glúten,0.5,KG,4.49,8.98,€
1247,5723928,mercearia,Sal Marinho Iodado,1.0,KG,0.39,0.39,€
1248,2005321,mercearia,Snack de Chocolate de Leite Lion,3.0,KG,2.69,21.35,€
1249,7161873,mercearia,"Papa Infantil Láctea Aveia, Pera e Banana Seleção da Natureza +6M",0.24,KG,3.29,13.71,€
1250,4111763,mercearia,Snack de Chocolate com Biscoito e Caramelo Mini,0.17,KG,3.35,19.71,€
1251,2084071,mercearia,Cavala Inteira em Tomate,0.12,KG,0.89,9.89,€
1252,6786166,mercearia,Tablete de Chocolate Negro 70% Cacau,0.09,KG,2.99,33.22,€
1253,7315508,mercearia,Salsa Folha em Frasco,0.013,KG,0.59,45.38,€
1254,2727759,mercearia,Snacks Milho 3D's Cones,0.085,KG,1.29,15.18,€
1255,4947901,mercearia,Nestum 5 Cereais com Cereais Integrais +3A,0.25,KG,2.89,11.56,€
1256,6270919,mercearia,Pastilhas Elásticas Max Slab Framboesa Limão,0.023,KG,0.99,43.04,€
1257,4837863,mercearia,Arroz Integral Extra Longo,1.0,KG,1.4,1.40,€
1258,7458827,mercearia,Caju de Moçambique Cru,0.2,KG,4.19,20.95,€
1259,5080449,mercearia,Marmelada,0.5,KG,4.49,8.98,€
1260,7399129,mercearia,Snack para Bebé Fruta e Vegetais +8M,0.02,KG,1.19,59.50,€
1261,3748703,mercearia,Bolachas Digestivas de Maçã,0.171,KG,1.99,11.64,€
1262,7214621,mercearia,Cápsulas de Café Suavis Int 6,10.0,UN,1.89,0.19,€
1263,5345976,mercearia,Patê Ibérico,0.125,KG,1.69,13.52,€
1264,6896868,mercearia,Caldo de Carne Cubos,24.0,KG,1.29,5.38,€
1265,5515694,mercearia,Bolachas Diet Natur com Recheio de Iogurte,0.22,KG,3.29,14.95,€
1266,6365540,mercearia,Cápsulas de Café Descafeinado,16.0,UN,3.65,0.23,€
1267,4024343,mercearia,Massa Radiatori,0.5,KG,1.97,3.94,€
1268,2538471,mercearia,Biscoitos Alfarroba,0.25,KG,2.99,13.59,€
1269,5691372,mercearia,Doce Extra Abóbora,0.375,KG,1.79,4.77,€
1270,7553407,mercearia,Especialidade Cocktail Soja Vegalia,0.534,KG,3.48,18.32,€
1271,5659259,mercearia,Supremas de Chocolate,0.25,KG,2.4,9.60,€
1272,2868688,mercearia,Legumes Primavera sem Glúten,0.6,KG,3.84,9.14,€
1273,3749312,mercearia,Bolachas Digestivas com Chocolate Diet Nature,0.27,KG,3.29,12.19,€
1274,5523843,mercearia,Massa Tagliatelle Nido,0.5,KG,3.08,6.16,€
1275,4778667,mercearia,Bolachas Digestivas,0.4,KG,1.25,3.13,€
1276,6472132,mercearia,Doce Abóbora com Noz,0.25,KG,2.39,9.56,€
1277,6968015,mercearia,Maçã Vermelha de Alcobaça Desidratada,0.02,KG,0.89,44.50,€
1278,2692789,mercearia,Barras de Cereais Chocolate Negro Special K,0.129,KG,2.44,18.91,€
1279,6987597,mercearia,Doce Manga e Maracujá,0.284,KG,4.39,15.46,€
1280,5558107,mercearia,Leite Condensado Cozido,0.385,KG,1.79,4.65,€
1281,3630158,mercearia,Café em Grão Torrado Lote Chávena Int 3,1.0,KG,13.99,13.99,€
1282,7643113,mercearia,Batata Frita Gourmet Lisa Ovo Trufado,0.15,KG,2.69,17.93,€
1283,3643622,mercearia,Arroz Integral Pronto a Comer sem Glúten,2.0,KG,1.45,5.80,€
1284,3740086,mercearia,Infusão Tília Pyramid Saquetas,20.0,UN,1.49,0.07,€
1285,4100610,mercearia,Cereais Golden Squares,0.375,KG,2.09,5.57,€
1286,7519442,mercearia,Batata Frita Ondulada Sabor Yorkeso,0.15,KG,1.99,13.27,€
1287,5512073,mercearia,Bolachas Vitalday Cereais e Chocolate Crocantes,0.28,KG,2.59,9.25,€
1288,7462822,mercearia,Cápsulas de Café Colombia Int 8,40.0,UN,14.59,0.36,€
1289,7682254,mercearia,Alimento Lácteo Manga e Kiwi com Leite de Coco +6M,4.0,KG,3.75,10.42,€
1290,7577818,mercearia,Pasta Bolonhesa Pot,0.088,KG,2.94,33.41,€
1291,6530960,mercearia,Cereais de Arroz Tufado com Chocolate,0.375,KG,1.79,4.77,€
1292,7405443,mercearia,Cápsulas de Café Descafeinado Qalidus Int 10,10.0,UN,3.49,0.35,€
1293,4876371,mercearia,Galetes de Milho com Sal Finíssimas sem Glúten,0.13,KG,1.39,10.69,€
1294,7248340,mercearia,Pão Tostado,0.415,KG,3.1,€7.47, 
1295,6643103,mercearia,Filete de Cavala em Azeite,0.12,KG,1.74,19.33,€
1296,2004442,mercearia,Adoçante com Doseador 100 Pastilhas,100.0,KG,1.54,192.50,€
1297,7412241,mercearia,Café Solúvel Descafeinado,0.2,KG,3.99,19.95,€
1298,7264564,mercearia,Bolachas Tostadas Diet Nature,0.4,KG,3.19,7.98,€
1299,2201373,mercearia,Fermento em Pó sem Glúten,0.15,KG,1.39,9.27,€
1300,2004502,mercearia,Flocos de Batata para Puré,0.4,KG,2.95,7.38,€
1301,7433211,mercearia,Bolachas Digestivas Thins de Maçã,0.174,KG,2.49,14.31,€
1302,6628176,mercearia,Manjericão Folha em Frasco,0.012,KG,0.89,74.17,€
1303,6831362,mercearia,Moinho Pimenta Preta,0.03,KG,3.36,112.00,€
1304,7334334,mercearia,Bolacha Chocolate Recheio Leite,0.235,KG,1.89,8.04,€
1305,5870510,mercearia,Leite de Coco Light,0.4,LT,2.99,7.48,€
1306,2167560,mercearia,Doce Morango,0.33,KG,2.99,9.06,€
1307,3646752,mercearia,Infusão Menta Saquetas,10.0,UN,0.84,0.08,€
1308,7626339,mercearia,Manjericão em Saqueta,0.011,KG,1.19,108.18,€
1309,2604840,mercearia,Massa Instantânea Chinesa de Camarão,0.085,KG,0.83,9.76,€
1310,7698207,mercearia,Quinoa Vermelha,0.25,KG,1.89,7.56,€
1311,6297309,mercearia,Pastilhas Elásticas Senses Tropical,0.023,KG,0.99,43.04,€
1312,7383380,mercearia,Beterraba Rodelas sem Glúten,0.56,KG,0.99,5.50,€
1313,2003662,mercearia,Arroz Carolino Malandrinho,1.0,KG,1.69,1.69,€
1314,7253922,mercearia,Falafel de Proteína Vegetal,0.19,KG,4.49,23.63,€
1315,5873838,mercearia,Pipocas Manteiga Micro-ondas,3.0,KG,2.99,11.07,€
1316,7209853,mercearia,Pimenta Branca Moída em Saqueta,0.05,KG,0.89,17.80,€
1317,3851713,mercearia,Tablete de Chocolate com Menta Excellence,0.1,KG,2.99,29.90,€
1318,2904655,mercearia,Mostarda,0.25,KG,1.35,5.40,€
1319,2868694,mercearia,Ervilhas e Cenouras sem Glúten,0.6,KG,3.89,9.97,€
1320,7029087,mercearia,Miolo de Amêndoa Laminada,0.2,KG,2.59,12.95,€
1321,7156779,mercearia,Mini Tortilhas de Trigo,0.22,KG,2.19,9.95,€
1322,7161980,mercearia,Pipocas Doces Canela,0.15,KG,1.29,8.60,€
1323,5884054,mercearia,Massa Esparguete sem Glúten,0.4,KG,2.91,7.28,€
1324,7306888,mercearia,Ervilhas Cozidas Lata sem Glúten,0.85,KG,1.39,2.67,€
1325,7067809,mercearia,Cápsulas de Café Intenso Int 10,10.0,UN,4.29,0.43,€
1326,6985292,mercearia,Tablete de Chocolate com Caramelo Salgado,0.1,KG,2.99,29.90,€
1327,6995361,mercearia,Bolachas Recheadas de Framboesa Jaffa,0.147,KG,2.29,15.58 ,€
1328,7651472,mercearia,Gomas Lápis de Morango,0.09,KG,1.39,15.44,€
1329,5884009,mercearia,Massa Penne Integral,0.5,KG,2.5,5.00,€
1330,6467892,mercearia,Creme para Barrar Cacau e Avelã,0.4,KG,2.49,6.23,€
1331,7625376,mercearia,Cápsulas de Café Barista Int 13,40.0,UN,13.99,0.35,€
1332,3646768,mercearia,Infusão Camomila Saquetas,10.0,UN,0.84,0.08,€
1333,6639201,mercearia,Pipocas Doces Balde,0.34,KG,3.99,11.74,€
1334,7082116,mercearia,Bolachas de Manteiga Butter Cookies,0.454,KG,3.89,8.57,€
1335,4297837,mercearia,Caju no Forno,0.17,KG,3.24,19.06,€
1336,7639512,mercearia,Tomate em Pedaços,0.38,KG,0.79,2.08,€
1337,7480604,mercearia,Salsichas Tipo Alemãs Frasco  5 un sem Glúten,0.41,UN,1.89,0.38,€
1338,2345937,mercearia,Adoçante com Doseador 300 Pastilhas,300.0,KG,3.94,157.60,€
1339,4117681,mercearia,Ketchup com Redução de Sal Top Down,0.55,KG,3.24,5.89,€
1340,6688386,mercearia,Tablete de Chocolate Culinária 85% sem Glúten,0.2,KG,3.09,15.45,€
1341,5051808,mercearia,Cereais Argolas com Mel,0.375,KG,1.79,4.77,€
1342,7573083,mercearia,Tablete Chocolate Leite Crunchie Bits,0.18,KG,3.99,22.17,€
1343,5251676,mercearia,Bolachas Mini Alfa,0.12,KG,1.39,11.58,€
1344,5347990,mercearia,Massa Lírios,0.5,KG,1.5,3.00,€
1345,4324855,mercearia,Petingas em Azeite,0.09,KG,2.25,34.62,€
1346,6715879,mercearia,Manteiga de Amendoim Crocante,1.0,KG,5.99,5.99,€
1347,4897243,mercearia,Batata Frita Forno Ondulada Sabor Camponesas,0.13,KG,2.69,20.69,€
1348,4994630,mercearia,Azeitona Verde com Queijo,0.15,KG,3.99,26.60,€
1349,5679836,mercearia,Infusão Hortelã Saquetas,10.0,UN,0.32,0.03,€
1350,2003363,mercearia,Bolachas Maria,0.2,KG,0.99,4.95 ,€
1351,5633007,mercearia,Massa Ninhos com Ovos,0.5,KG,1.87,3.74,€
1352,7135252,mercearia,Snack de Chocolate Clássico Kinder Bueno,0.43,KG,8.85,20.58,€
1353,7355128,mercearia,Barras de Cereais de Chocolate e Avelãs,0.16,KG,3.69,23.06,€
1354,3630113,mercearia,Café Moído Torrado para Saco Lote Chávena Int 12,0.25,KG,3.59,14.36,€
1355,2062301,mercearia,Cereais Frosties Milho Doce,0.375,KG,2.49,6.64,€
1356,7095887,mercearia,Tortitas de Milho e Chocolate Negro Vitalday sem Glúten,0.1,KG,2.89,28.90,€
1357,5435374,mercearia,Tremoço Miúdo,1.5,KG,2.99,3.32,€
1358,7128718,mercearia,Flocos Aveia Grossos Integral,0.4,KG,0.79,1.98,€
1359,7400067,mercearia,Pastilhas Elásticas Extreme Mentol,4.0,KG,2.79,49.82,€
1360,6980112,mercearia,Tablete de Chocolate de Leite com Passas e Avelã,0.2,KG,1.79,8.95,€
1361,2004432,mercearia,Mel Néctar,0.5,KG,6.59,13.18,€
1362,7363643,mercearia,Barras de Frutos Secos com Chocolate Negro e Sal Marinho sem Glúten,0.09,KG,3.99,44.33,€
1363,6464423,mercearia,Café em Grão Torrado,1.0,UN,8.09,8.09,€
1364,7723958,mercearia,Gelatina Pronta Limão sem Açúcar,0.36,KG,1.53,4.25,€
1365,5705478,mercearia,Tortitas Vitalday de Arroz Integral Chocolate Negro,0.105,KG,2.44,23.24 ,€
1366,6769287,mercearia,Tablete de Chocolate Negro 74%,0.1,KG,1.79,17.90,€
1367,2104483,mercearia,Caldo de Legumes Cubos sem Glúten,8.0,KG,2.3,28.75,€
1368,6917694,mercearia,Cápsulas de Café Mundi Int 9,30.0,UN,5.69,0.19,€
1369,7654267,mercearia,Batata Frita Ondulada Sabor Presunto,0.275,KG,3.29,11.96,€
1370,7151515,mercearia,Gelatina em Pó de Maracujá,0.114,KG,1.99,17.46,€
1371,4675140,mercearia,Sopa de Cebola,0.05,KG,1.59,31.80,€
1372,5798916,mercearia,Wrap Multicereais,0.37,KG,2.95,7.97,€
1373,5968608,mercearia,Tortitas de Arroz Integral com Sal sem Glúten,0.13,KG,0.79,6.08,€
1374,7520376,mercearia,Gomas Favoritos,0.25,KG,1.79,7.16,€
1375,6908635,mercearia,Café Moído Torrado Descafeinado Universal Int 9,0.22,KG,4.99,22.68,€
1376,6902530,mercearia,Massa Instantânea Masala,0.085,KG,0.83,9.76,€
1377,2508059,mercearia,Ervas Finas em Frasco,0.006,KG,2.39,398.33,€
1378,2966035,mercearia,Feijão Encarnado Cozido,0.56,KG,1.99,4.98,€
1379,4675141,mercearia,Canja de Galinha,0.068,KG,1.59,23.38,€
1380,2197268,mercearia,Bolachas Cracker Sabor a Bacon,0.1,KG,1.34,13.40,€
1381,6297383,mercearia,Pastilhas Elásticas Senses Berry,3.0,KG,1.39,20.14,€
1382,3792203,mercearia,Sopa de Legumes,0.063,KG,1.59,25.24,€
1383,2003977,mercearia,Massa Macarronete Riscado,0.5,KG,1.12,2.24,€
1384,5810564,mercearia,Mix de Aperitivos Temperados,0.4,KG,3.99,9.98,€
1385,6665790,mercearia,Tomate Triturado,0.5,KG,1.09,2.18,€
1386,4083840,mercearia,Patê de Caranguejo Bocadelia,0.17,KG,3.19,18.76,€
1387,7224407,mercearia,Cápsulas de Café Fortis Int 10 Pack Poupança,30.0,UN,4.99,0.17,€
1388,3901216,mercearia,Azeite Virgem Extra Ouro,0.75,LT,6.78,9.04,€
1389,5323452,mercearia,Café Solúvel,0.2,KG,7.99,39.95,€
1390,7091759,mercearia,Noz Moscada Moída em Frasco,0.045,KG,1.29,28.67,€
1391,7474509,mercearia,Tomate Triturado,0.4,KG,1.99,4.98,€
1392,5679840,mercearia,Chá Preto Saquetas,10.0,UN,0.39,0.04,€
1393,2004030,mercearia,Café Moído Torrado Moagem Grossa 5 Estrelas Lote Clássico Int 10,0.25,KG,3.99,15.96,€
1394,7029252,mercearia,Mix Frutos Secos Puro Prazer,0.2,KG,3.29,16.45,€
1395,7545438,mercearia,Bolacha Coberta Chocolate com Recheio Framboesa,0.15,KG,2.29,15.27,€
1396,2003367,mercearia,Bolachas Maria Oro,0.2,KG,1.14,5.70,€
1397,6930595,mercearia,Baked Beans,0.45,KG,1.49,€3.73, 
1398,2231240,mercearia,Bolachas com Recheio de Fruta Deloba,0.1,KG,2.09,20.90,€
1399,7376331,mercearia,Salsichas Cocktail Frasco,0.597,KG,2.24,11.79,€
1400,5511709,mercearia,Bolachas Vitalday Crocante Original,0.265,KG,2.59,9.77,€
1401,7749656,mercearia,Azeite Virgem Extra Clássico Selecionado,0.5,LT,3.76,7.52,€
1402,4455714,mercearia,Vinagre de Sidra Pet,0.5,LT,0.49,0.98,€
1403,7144939,mercearia,Puré de Fruta Pera +4M,4.0,KG,2.29,5.73,€
1404,7279839,mercearia,Sardinha Inteira em Óleo,0.12,KG,0.79,9.29,€
1405,3749324,mercearia,Bolachas Digestivas Diet Nature,0.4,KG,3.29,8.23,€
1406,7173279,mercearia,Batata Frita Ondulada Sabor Ketchup,0.17,KG,1.25,7.35,€
1407,6881249,mercearia,Croutons com Alho,2.0,KG,2.16,14.40,€
1408,7376973,mercearia,Snacks Milho Barbecue,0.14,KG,1.39,9.93,€
1409,7412243,mercearia,Bebida Cereais com Café,0.2,KG,2.49,12.45,€
1410,2260345,mercearia,Rebuçados de Mentol e Eucalipto,0.032,KG,0.94,29.38,€
1411,4362892,mercearia,Marmelada,0.45,KG,1.49,3.31,€
1412,5167153,mercearia,Maionese,0.208,KG,2.19,10.53,€
1413,7682253,mercearia,Alimento Lácteo Maçã e Ananás com Leite de Coco +6M,4.0,KG,3.75,10.42,€
1414,5717192,mercearia,Bolachas Cacau Recheadas com Creme Diet Nature,0.21,KG,3.29,15.67,€
1415,7410924,mercearia,Bacalhau com Azeite e Alho,0.129,KG,2.69,31.65,€
1416,5937565,mercearia,Cocktail no Forno,0.095,KG,1.81,19.05,€
1417,2735715,mercearia,Feijão Vermelho,0.5,KG,1.86,3.72,€
1418,7244150,mercearia,Nestlé Dark Tablete de Chocolate Negro sem Glúten,0.27,KG,4.25,15.74,€
1419,7227866,mercearia,Bolachas Mini Choco Chips,0.075,KG,1.04,13.87,€
1420,7158910,mercearia,Barras de Cereais Chocapic,0.15,KG,1.99,13.27,€
1421,4551429,mercearia,Canja de Galinha,0.061,KG,1.19,19.51,€
1422,2003767,mercearia,Molho Picante sem Glúten,0.06,LT,3.19,€53.17, 
1423,5695508,mercearia,Vinagre Balsâmico de Modena,0.5,LT,3.49,6.98,€
1424,5190814,mercearia,Tablete de Chocolate Negro com Flor de Sal Excellence,0.1,KG,2.99,29.90,€
1425,2084051,mercearia,Cogumelos Laminados sem Glúten,0.29,KG,1.09,7.03,€
1426,6719095,mercearia,Cápsulas de Café Lungo Profondo Int 8,10.0,UN,3.39,0.34,€
1427,7057187,mercearia,Azeite Virgem Extra,0.5,LT,3.76,7.52,€
1428,6625511,mercearia,Massa Linguine Alentejo,0.5,KG,1.1,2.20,€
1429,7545583,mercearia,Bolachas com Cobertura Chocolate Leite Finas,0.15,KG,2.69,17.93,€
1430,6545213,mercearia,Massa Macarrão Penne Integral com Aveia,0.5,KG,1.78,3.56,€
1431,7030209,mercearia,Mix Frutos Secos Mediterrânea com Sal,0.25,KG,1.49,€5.96, 
1432,5238078,mercearia,Chá Verde Saquetas,25.0,UN,0.99,0.04,€
1433,7573118,mercearia,Tablete Chocolate Leite Dairy,0.18,KG,3.99,22.17,€
1434,3022598,mercearia,Tablete de Chocolate Negro Truffé,0.19,KG,3.79,19.95,€
1435,7372076,mercearia,"Papa Infantil Farinha Láctea Aveia, Banana e Manga +6M",0.25,KG,2.69,10.76,€
1436,6603116,mercearia,Torta de Morango,0.3,KG,1.79,5.97,€
1437,7242081,mercearia,Ventresca de Atum em Azeite,0.12,KG,2.44,28.71,€
1438,4111819,mercearia,Snack de Chocolate com Amendoim e Caramelo Mini sem Glúten,0.18,KG,3.35,19.71,€
1439,7621697,mercearia,Alcaparras em Vinagre,0.135,KG,1.79,22.38,€
1440,4850079,mercearia,Gnocchi Batata,0.5,KG,2.82,5.64,€
1441,5341627,mercearia,Bolachas Fruit & Form de Frutos do Bosque,0.218,KG,1.99,9.13,€
1442,7413234,mercearia,Pack Puré de Fruta Maçã e Banana +6M,8.0,KG,5.09,6.70,€
1443,5748377,mercearia,Cookies Mini de Cacau com Recheio de Creme,0.1,KG,1.09,10.90,€
1444,7449588,mercearia,Azeitona Napolitana,0.15,KG,2.99,19.93,€
1445,6604652,mercearia,Lentilhas Secas,0.5,KG,1.19,2.38,€
1446,6628169,mercearia,Pimenta Branca Moída em Frasco,0.043,KG,0.89,20.70,€
1447,7576714,mercearia,Madalenas de Chocolate,0.42,KG,2.49,5.93,€
1448,7298531,mercearia,Salsichas de Soja Lata 8 un,0.35,KG,2.79,17.44,€
1449,4497768,mercearia,Azeite Pet,0.75,LT,4.89,6.52,€
1450,6629351,mercearia,Sardinha em Tomate,0.12,KG,1.42,18.21,€
1451,7029189,mercearia,Miolo de Castanha do Maranhão,0.125,KG,2.29,18.32,€
1452,4786687,mercearia,Cápsulas de Café com Leite Galão,16.0,UN,5.19,0.32,€
1453,7394718,mercearia,Choco Balls sem Glúten,0.25,KG,3.76,15.04,€
1454,6211747,mercearia,Manteiga de Amendoim Crocante,0.5,KG,3.49,6.98,€
1455,6259719,mercearia,Cápsulas de Café Qanela Int 7,10.0,UN,4.59,0.46,€
1456,6530969,mercearia,Cereais Bolas com Chocolate,0.375,KG,1.79,4.77,€
1457,7521167,mercearia,Salsicha Bockwurst,0.36,KG,3.99,11.08,€
1458,7399256,mercearia,Bolachas Marinhas Linhaça,0.2,KG,2.39,11.95,€
1459,4026393,mercearia,Cebolinho em Frasco,0.025,KG,2.39,1.195.00,€
1460,5140530,mercearia,Cereais Choco Cookies,0.375,KG,1.99,5.31,€
1461,6377664,mercearia,Cápsulas de Café Descafeinado Intenso Int 7,16.0,UN,5.49,0.34,€
1462,4113548,mercearia,Gomas Happy Cola,0.1,KG,1.29,12.90,€
1463,5515856,mercearia,Granola Frutos Vermelhos,0.35,KG,4.99,14.26,€
1464,3617999,mercearia,Arroz Aromático,0.5,KG,1.26,2.52,€
1465,7049347,mercearia,Batata Frita Ondulada Sabor Barbecue,0.15,KG,1.49,9.93,€
1466,5660242,mercearia,Gelatina em Pó de Frutos do Bosque,2.0,KG,1.89,11.12,€
1467,7694321,mercearia,"Bolachas dos Marinheiros Chia, Quinoa e Linhaça Dourada",0.15,KG,1.99,13.27,€
1468,2462808,mercearia,Bolo Mini com Recheio de Chocolate,0.09,KG,1.14,12.67,€
1469,5586185,mercearia,Patê de Campagne,0.125,KG,0.89,7.12,€
1470,2822435,mercearia,Massa Linguine,0.5,KG,0.87,1.74,€
1471,6910224,mercearia,Cereais Pétalas de Chocolate,0.625,KG,2.39,3.82,€
1472,3646809,mercearia,Chá Verde Saquetas,10.0,UN,0.89,0.09,€
1473,3740106,mercearia,Infusão Camomila Pyramid Saquetas,20.0,UN,1.49,0.07,€
1474,7305308,mercearia,"Papas de Aveia, Manga e Maçã Saqueta",0.11,KG,1.35,13.50,€
1475,7188319,mercearia,Adoçante Green 50 Sticks,0.08,KG,1.99,26.53,€
1476,6645679,mercearia,Canela Moída,0.027,KG,2.76,102.22,€
1477,6671495,mercearia,Infusão Menta Saquetas,10.0,UN,1.09,0.11,€
1478,7644002,mercearia,Bolachas Crackers Sementes e Azeite,0.185,KG,2.29,12.72,€
1479,4785437,mercearia,Alho Moído em Frasco,0.05,KG,2.61,47.45,€
1480,2410868,mercearia,Doce Morango,0.284,KG,4.39,15.46,€
1481,7395089,mercearia,Nachos de Milho Sabor a Queijo,0.15,KG,1.19,7.93,€
1482,2232384,mercearia,Biscoitos de Amêndoa,0.25,KG,3.09,14.05,€
1483,5491853,mercearia,Gelatina em Pó de Melancia,0.031,KG,2.09,67.42,€
1484,7161850,mercearia,"Saqueta de Fruta Laranja, Banana, Pera e Bolacha Minions +12M",0.1,KG,0.92,9.20,€
1485,7529008,mercearia,Snacks Tortilha Nachos de Milho Sabor Guacamole,0.15,KG,1.19,7.93,€
1486,7334039,mercearia,"Refeição para Bebé Legumes, Frango e Arroz +6M",0.19,KG,1.99,10.47,€
1487,7251547,mercearia,"Polpa de Tomate, Tomilho e Alecrim",0.5,KG,2.39,4.78,€
1488,4735957,mercearia,Esses de Azeitão,0.24,KG,4.19,17.46,€
1489,4959795,mercearia,Molho Mad Chips Top Down,0.256,KG,2.99,11.68,€
1490,4961652,mercearia,Nestum Mel com Cereais Integrais +3A,0.25,KG,1.69,6.76,€
1491,6882356,mercearia,Alimento Lácteo Pêssego e Banana +6M,4.0,KG,2.79,6.97,€
1492,6766070,mercearia,Bolachinhas para Bebé +8M,0.125,UN,2.89,23.12,€
1493,4997136,mercearia,Massa Margaridas com Vegetais,0.5,KG,1.87,3.74,€
1494,6896865,mercearia,Caldo de Galinha Cubos,24.0,KG,1.29,5.38,€
1495,7656582,mercearia,Snack para Bebé de Morango HappyPuffs +12M,0.028,KG,1.65,58.93,€
1496,7535546,mercearia,Tablete de Chocolate Leite Choco & Wafer,0.27,KG,4.39,16.26,€
1497,4321721,mercearia,Gelatina Pronta Vegetal Manga,0.13,KG,1.08,8.31,€
1498,5618798,mercearia,Molho de Soja,0.15,LT,2.4,16.00,€
1499,7407090,mercearia,Cápsulas de Café Doppio Espresso Int 10,16.0,UN,6.49,0.41,€
1500,4657629,mercearia,Infusão Menta Pyramid Saquetas,20.0,UN,1.49,0.07,€
1501,3740108,mercearia,Infusão Lúcia-Lima Pyramid Saquetas,20.0,UN,1.49,0.07,€
1502,4407680,mercearia,Caldo de Carne Natura,4.0,KG,2.49,22.23,€
1503,7011817,mercearia,Tiras Braseadas Proteína Vegetal,0.175,KG,4.49,25.66,€
1504,4945287,mercearia,Coco Ralado,0.2,KG,0.99,4.95,€
1505,7029082,mercearia,Amendoim Torrado com Casca,1.0,KG,3.89,3.89,€
1506,2015457,mercearia,Massinha Estrelinhas,0.25,KG,0.56,2.24,€
1507,7151509,mercearia,Gelatina em Pó de Pêssego,0.114,KG,1.99,17.46,€
1508,7654028,mercearia,Canela Moída Saqueta,0.06,KG,1.99,33.17,€
1509,6553175,mercearia,Barras de Cereais Proteína Amendoim e Chocolate sem Glúten,0.16,KG,3.99,24.94,€
1510,7683654,mercearia,Farinha de Trigo para Bolos com Fermento,1.0,KG,1.59,1.59,€
1511,6462338,mercearia,Flocos Aveia Integral,0.5,KG,2.99,5.98,€
1512,7228929,mercearia,Infusão Lúcia-Lima Saquetas,10.0,UN,1.59,0.16,€
1513,6917632,mercearia,Noodles de Camarão,0.063,KG,1.34,21.27,€
1514,5176176,mercearia,Maionese Magra,0.459,KG,3.14,6.84,€
1515,4010163,mercearia,Passata de Tomate,0.4,KG,2.29,5.73,€
1516,4546868,mercearia,Marmelada Extra,0.4,KG,1.84,4.60,€
1517,7127055,mercearia,Croutons com Tomate e Orégãos,0.075,KG,1.4,18.67,€
1518,7378978,mercearia,Cápsulas de Café Italian Style Roast Int 11,10.0,UN,3.89,0.39,€
1519,7285406,mercearia,Atum Posta em Azeite,0.12,KG,1.4,17.95,€
1520,2692749,mercearia,Barras de Cereais Frutos Vermelhos Special K,0.129,KG,2.44,18.91,€
1521,6903250,mercearia,Quinoa Real,0.5,KG,2.99,5.98,€
1522,7100909,mercearia,Gelatina em Pó de Morango,0.114,KG,1.99,17.46,€
1523,5183170,mercearia,Palitos de Chocolate de Leite,0.15,KG,1.59,10.60 ,€
1524,6271200,mercearia,Pastilhas Elásticas Max Slab Melancia Pêssego,0.023,KG,0.99,43.04,€
1525,5051024,mercearia,Leite de Coco,0.165,LT,1.52,9.21,€
1527,3869333,mercearia,Cápsulas de Café Cappuccino,16.0,UN,6.49,0.41,€
1528,5566313,mercearia,Gressinos com Azeite,2.0,KG,1.99,7.96,€
1529,5141224,mercearia,Vinagre Balsâmico Branco,0.25,LT,1.83,7.32,€
1530,7576975,mercearia,Segredos Aves,0.016,KG,1.64,102.50,€
1531,2868679,mercearia,Macedónia de Legumes,3.0,KG,3.99,10.23,€
1532,5772642,mercearia,Granola Aveia com Frutos Secos Cruesli,0.375,KG,4.99,13.31,€
1533,7029868,mercearia,Gengibre Desidratado,0.2,KG,2.59,12.95,€
1534,5605507,mercearia,Noodles de Caril Banzai,0.067,KG,1.19,17.76,€
1535,2701135,mercearia,Alimento Lácteo Alperce sem Glúten +6M,4.0,KG,2.79,6.97,€
1536,5449781,mercearia,Bolachas com Coco,0.5,KG,1.99,3.98,€
1537,4297831,mercearia,Amendoim no Forno,0.2,KG,1.81,9.05,€
1538,6776182,mercearia,"Snacks Quinoa, Nata e Cebola",0.08,KG,2.65,33.13,€
1539,5358240,mercearia,Barras de Cereais Crunchy Caramel Fitness,0.141,KG,1.99,14.11,€
1540,4495746,mercearia,Biscoitos Glacé,0.2,KG,1.79,8.95,€
1541,7636318,mercearia,Refeição para Bebé Feijão e Quinoa +8M,0.19,KG,2.18,11.47,€
1542,2093731,mercearia,Gelatina em Pó de Laranja,2.0,KG,0.99,5.82,€
1543,2904884,mercearia,Bolachas Maria Diet Nature,0.4,KG,3.19,7.98,€
1544,2060101,mercearia,Cereais Cheerios Integrais Multi,0.375,KG,2.99,7.97,€
1545,7063710,mercearia,Lichias em Calda,0.567,KG,2.79,4.92,€
1546,5740056,mercearia,Cápsulas de Café Bocage Int 11,30.0,UN,5.69,0.19,€
1547,5394593,mercearia,Cevada,0.2,KG,2.99,14.95,€
1548,4511808,mercearia,Polvo e Pota com Molho Tomate,0.12,KG,1.29,17.92,€
1549,5646729,mercearia,Sal Grosso,0.8,KG,1.19,1.49,€
1550,7324671,mercearia,Gomas Sortido Brilho sem Glúten,0.3,KG,1.59,5.30,€
1551,4612823,mercearia,Bolachas Maria,0.3,KG,3.79,12.63,€
1552,6046621,mercearia,Tomilho Folha em Frasco,0.02,KG,0.89,44.50,€
1553,6911778,mercearia,Papa Infantil Láctea Aveia e Centeio Seleção da Natureza +6M,0.24,KG,3.29,13.71,€
1554,5358916,mercearia,Massa Esparguete sem Glúten,0.5,KG,2.53,5.06,€
1555,6831305,mercearia,Manjericão,0.011,KG,2.01,182.73,€
1556,3040459,mercearia,Massa Instantânea Chinesa de Tomate,0.085,KG,0.83,9.76,€
1557,7275983,mercearia,Caju Cru,0.05,KG,0.99,19.80,€
1558,2171676,mercearia,Massa Búzios,0.5,KG,1.12,2.24,€
1559,7383381,mercearia,Corações de Alcachofra sem Glúten,0.45,KG,2.79,11.63,€
1560,7658105,mercearia,Café Moído Torrado Moagem Universal Robusto Int 13,0.2,KG,4.49,22.45,€
1561,5752103,mercearia,Café Moído Moagem Fina Descafeinado,0.25,KG,1.69,6.76,€
1562,7338450,mercearia,Cebola Frita Cup,0.15,KG,1.49,9.93,€
1563,7029085,mercearia,Miolo de Amêndoa Palitada,0.2,KG,2.59,12.95,€
1564,5043428,mercearia,Massa Lasanha com Ovo,0.5,KG,1.4,2.80,€
1565,5009658,mercearia,Anchovas com Azeite Virgem Extra,0.1,KG,4.39,43.90,€
1566,5284220,mercearia,Arroz de Cenoura Pronto a Comer sem Glúten,2.0,KG,1.45,5.80,€
1567,6917675,mercearia,Noodles Galinha Soba,0.063,KG,1.34,21.27,€
1568,4708218,mercearia,Cápsulas de Café Sical Int 7,16.0,UN,6.49,0.41,€
1569,2003314,mercearia,Massa Talharim,0.5,KG,1.74,3.48,€
1570,5949624,mercearia,Pastilhas Elásticas Spearmint,0.024,KG,1.19,49.58,€
1571,7364141,mercearia,Crackers Queijo Cheddar,0.25,KG,3.29,13.16,€
1572,6555420,mercearia,Marinheiras de Chia,0.2,KG,2.99,14.95,€
1573,2399135,mercearia,Patê de Atum,0.065,KG,0.79,12.15,€
1574,7615765,mercearia,"Saqueta de Fruta Pera, Maçã e Banana +4M",0.09,KG,1.29,14.33,€
1575,5902827,mercearia,Gelatina em Pó Zero% de Tangerina,0.028,KG,1.04,37.14,€
1576,6997969,mercearia,Fava Frita com Sal,0.25,KG,1.59,6.36,€
1577,7305356,mercearia,Papas de Aveia Banana e Maçã Saqueta,0.11,KG,1.35,13.50,€
1578,4986705,mercearia,Tablete de Chocolate de Leite com Ananás,0.1,KG,1.69,16.90,€
1579,4321693,mercearia,Gelatina Pronta Vegetal Banana,0.13,KG,1.08,8.31,€
1580,7158909,mercearia,Barras de Cereais Golden Grahams,0.15,KG,1.99,13.27,€
1581,7389906,mercearia,Cápsulas de Café Buondi Int 10,16.0,UN,5.49,0.34,€
1582,5210300,mercearia,Barras de Cereais Multicereais Chocolate de Leite Sarialis sem Glúten,0.12,KG,3.71,47.56 ,€
1583,5506977,mercearia,Massa Tagliatelle Ninhos,0.5,KG,1.73,3.46,€
1584,5895640,mercearia,Granola Aveia,0.375,KG,5.55,14.80,€
1585,7376971,mercearia,Snacks Milho Chilli Pepper,0.14,KG,1.39,9.93,€
1586,2934386,mercearia,Pastilhas Elásticas White Spearmint,1.0,KG,0.99,66.00,€
1587,2004675,mercearia,Café Solúvel,0.1,KG,3.19,31.90,€
1588,6869086,mercearia,Lentilhas Encarnadas sem Casca,0.5,KG,1.79,3.58,€
1589,6863806,mercearia,Morango Desidratado com Chocolate de Leite,0.025,KG,1.19,47.60,€
1590,2965846,mercearia,Feijão Preto Cozido,0.41,KG,1.39,5.35,€
1591,7394706,mercearia,Cereais All Bran Fibre Plus,0.5,KG,4.39,8.78,€
1592,2649341,mercearia,Vinagre de Vinho Tinto,0.5,LT,0.49,0.98,€
1593,5731448,mercearia,Bolachas Cacau Dibus Sharkies sem Glúten,0.25,KG,1.82,7.28,€
1594,6296943,mercearia,Massa Lírios Tricolor,0.5,KG,1.21,2.42,€
1595,5491864,mercearia,Gelatina em Pó de Frutos Tropicais,0.031,KG,2.09,67.42,€
1596,6823766,mercearia,Bolachas Mini Estrelas Chocolate de Leite,0.187,KG,2.65,14.17,€
1597,5715886,mercearia,Bolachas Chiquilín,0.175,KG,2.29,13.09,€
1598,2178829,mercearia,Salsichas Bockwurst Frasco 8 un,0.65,KG,3.59,9.09,€
1599,2002229,mercearia,Molho de Alho,0.25,KG,2.99,11.96,€
1600,5386896,mercearia,Tablete Chocolate de Leite Aroma de Ananás sem Glúten,0.02,KG,0.69,34.50,€
1601,5423343,mercearia,Bolachas Cracker Sabor a Queijo,0.1,KG,1.34,13.40,€
1602,6590466,mercearia,Bolachas Crackers com Azeitona,0.28,KG,2.79,9.96,€
1603,7622124,mercearia,Cápsulas de Café Ristretto Int 12,10.0,UN,3.19,0.32,€
1604,7359696,mercearia,Tablete de Chocolate Culinária 85%,0.2,KG,2.19,10.95,€
1605,4310080,mercearia,Tablete de Chocolate de Leite com Amêndoa,0.1,KG,0.79,7.90,€
1606,2688836,mercearia,Tortitas de Arroz Integral com Iogurte,0.13,KG,2.75,21.15,€
1607,6609661,mercearia,Bolachas Digestivas Thins de Chocolate Negro,0.15,KG,2.99,19.93,€
1608,7376328,mercearia,Salsichas Cocktail Aves Frasco,0.597,KG,2.24,11.79,€
1609,4882387,mercearia,Leite em Pó de Crescimento 5 +24M sem Glúten,0.75,KG,10.59,14.12,€
1610,7251548,mercearia,Polpa de Tomate e Coentros,0.5,KG,2.39,4.78,€
1611,7168033,mercearia,Snack Lentilhas e Milho +12M,0.05,KG,1.91,38.20,€
1612,7094371,mercearia,Crackies Mini de Milho com Sal sem Glúten,0.2,KG,2.62,13.10,€
1613,3630148,mercearia,Café Moído Torrado para Máquina Lote Chávena Int 12,0.25,KG,3.59,14.36,€
1614,7029249,mercearia,Tâmara Seca Descaroçada,0.2,KG,1.39,6.95,€
1615,4377804,mercearia,Doce Extra Mirtilos,0.375,KG,2.19,5.84,€
1616,5084705,mercearia,Gelatina Pronta Ananás,0.4,KG,0.9,2.25,€
1617,5679834,mercearia,"Chá Verde Limão, Mel e Ginseng Saquetas",10.0,UN,0.79,0.08,€
1618,5960119,mercearia,Bolo Ciao de Leite,0.35,KG,2.99,8.54,€
1619,4321726,mercearia,Gelatina Pronta Vegetal Morango,0.13,KG,1.08,8.31,€
1620,6970076,mercearia,Caldo de Galinha Cubos,24.0,KG,2.79,11.63,€
1621,7168030,mercearia,"Saqueta de Fruta Maçã, Banana e Cenoura +4M",0.1,KG,1.08,10.80,€
1622,3882722,mercearia,Massa Espirais Fusilli com Vegetais Tricolor,0.5,KG,1.3,2.60,€
1623,6426425,mercearia,Sal Rosa Puro dos Himalaias com Moinho,0.11,KG,3.15,28.64,€
1624,7396696,mercearia,Snacks Batata Sabor Pizza,0.175,KG,2.99,17.09,€
1625,6989541,mercearia,Cápsulas de Café Roast Int 11,10.0,UN,3.89,0.39,€
1626,2004000,mercearia,Chá Preto Yellow Label Saquetas,100.0,UN,4.64,0.05,€
1627,7655624,mercearia,Iogofruta Banana +6M,4.0,KG,2.79,7.34,€
1628,7324689,mercearia,Gomas Sortido Açúcar sem Glúten,0.3,KG,1.59,5.30,€
1629,7723306,mercearia,Bolachas Marinheiras Natural,0.2,KG,2.49,12.45,€
1630,7545585,mercearia,Bolachas com Cobertura Chocolate Argolas,0.15,KG,2.49,16.60,€
1631,7398267,mercearia,Bolacha Maria,0.6,KG,3.29,5.48,€
1632,5066224,mercearia,Açúcar Moreno Intenso,0.5,KG,1.69,3.38,€
1633,7140420,mercearia,Doce Morango,0.28,KG,2.99,10.68,€
1634,2712654,mercearia,Chá Verde Saquetas,20.0,UN,1.49,0.07,€
1635,5523825,mercearia,Massa Fusilli,0.5,KG,2.04,4.08,€
1636,6591187,mercearia,Rebuçados de Mentol,0.25,KG,1.09,4.36,€
1637,7164232,mercearia,Caldo para Esparguete à Bolonhesa em Saqueta,4.0,KG,0.99,26.05,€
1638,7393888,mercearia,Cereais Trigo com Chocolate Nesquik,0.95,KG,4.19,4.41,€
1639,6980120,mercearia,Tablete de Chocolate Negro 72% Cacau,0.2,KG,1.79,8.95,€
1640,2004658,mercearia,Vinagre de Vinho Branco,0.5,LT,0.49,0.98,€
1641,7260231,mercearia,Alimento Lácteo Natural sem Glúten +6M,4.0,KG,2.79,6.97,€
1642,7266973,mercearia,Tablete de Chocolate Negro com Framboesa 72% Cacau,0.1,KG,2.99,29.90,€
1643,7636327,mercearia,Leite em Pó de Transição Optipro 3 +12M,0.8,UN,13.99,17.49,€
1644,7433213,mercearia,Bolachas Digestivas Thins de Laranja,0.174,KG,2.49,14.31,€
1645,6231714,mercearia,Cápsulas de Café Ristretto Intenso Int 10,16.0,UN,3.65,0.23,€
1646,5046346,mercearia,Ketchup Top Down sem Glúten,0.25,KG,1.69,6.76,€
1647,5181556,mercearia,Alimento Lácteo Cereais e Bolacha Maria +6M,4.0,KG,2.79,6.97,€
1648,7421304,mercearia,Bolachas de Chocolate com Recheio de Creme,0.154,KG,0.99,6.43,€
1649,4873623,mercearia,Maionese com Azeite em Vidro,0.45,LT,3.24,7.20,€
1650,7109949,mercearia,Azeite Virgem Versátil Pet,0.75,LT,4.99,6.65,€
1651,2733480,mercearia,Feijão Preto,0.5,KG,0.99,1.98,€
1653,6461157,mercearia,Gelatina em Pó de Mirtilo,0.031,KG,0.99,31.94,€
1654,7636633,mercearia,Ervas de Provence em Saqueta,0.025,KG,1.69,67.60,€
1655,7413142,mercearia,"Puré de Fruta Maçã, Manga e Maracujá +8M",4.0,KG,2.89,7.61,€
1656,4745756,mercearia,Pastilhas Elásticas de Menta Super,0.032,KG,0.46,14.38,€
1657,5341639,mercearia,Bolachas Fruit & Form de Maçã e Canela,0.218,KG,1.99,9.13,€
1658,4714200,mercearia,Amendoim Tostado no Forno com Sal e Mel,0.15,KG,1.81,12.07,€
1659,6517766,mercearia,Esparguete com Ovo,0.25,KG,0.89,3.56,€
1660,4373715,mercearia,Dobrada sem Glúten,0.42,KG,2.29,5.45,€
1661,4876369,mercearia,Galetes de Arroz com Sal Finíssimas sem Glúten,0.13,KG,1.39,10.69,€
1662,7406326,mercearia,Cones de Milho Sabor Queijo e Bacon,0.13,KG,0.99,7.62,€
1663,7383158,mercearia,Gelatina Frutas Tropicais 0% Açúcar,0.056,KG,0.99,31.94,€
1664,4376763,mercearia,Mostarda em Grãos L'Ancienne em Vidro,0.19,KG,1.25,6.58,€
1665,7186733,mercearia,Cápsulas de Café Ristretto Robusto Int 12,16.0,UN,3.65,0.23,€
1666,5734815,mercearia,Muesli Crunchy Frutos Secos,0.5,KG,2.49,4.98,€
1667,4634932,mercearia,Vinagre Balsâmico,0.25,LT,1.14,4.56,€
1668,7620809,mercearia,Barra de Cereais Chocolate Negro,0.126,KG,2.39,18.97,€
1669,5320456,mercearia,Bolachas de Aveia,0.19,KG,1.69,8.89,€
1670,4376769,mercearia,Mostarda Dijon em Vidro sem Glúten,0.2,KG,1.25,6.25,€
1671,4721024,mercearia,Leite de Coco,0.4,LT,1.99,4.98,€
1672,6616067,mercearia,Flocos de Milho com Chocolate,0.125,KG,1.79,14.32,€
1673,6208267,mercearia,Vinagre de Figo Fruta Portuguesa,0.25,LT,1.39,5.56,€
1674,7545582,mercearia,Bolachas com Cobertura Chocolate Negro,0.15,KG,2.99,19.93,€
1675,4714045,mercearia,Bolo Coberto de Chocolate Bombón,0.2,KG,2.19,11.65,€
1676,6968391,mercearia,Tortitas de Arroz sem Glúten,0.13,KG,0.99,7.62,€
1677,7463613,mercearia,Ameixa Seca,0.25,KG,2.99,11.96,€
1678,5895603,mercearia,Biscoitos Coco,0.22,KG,2.59,11.77,€
1679,2510588,mercearia,Arroz Branco,1.0,KG,4.48,4.48,€
1680,6931560,mercearia,Mostarda Dijon com Mel em Vidro,0.23,KG,3.99,17.35,€
1681,6447729,mercearia,Caldo de Carne Cubos,12.0,KG,0.99,8.25,€
1682,7408109,mercearia,Cápsulas de Café Intenso Decaffeinato Int 9,16.0,UN,3.99,0.25,€
1683,7418120,mercearia,Creme Vinagre Balsâmico,0.25,LT,1.69,6.76,€
1684,7637744,mercearia,Massa Spaghettoni Nº 7,0.5,KG,1.68,3.36,€
1685,7363515,mercearia,Puré de Batata Cebola e Bacon Pot Pronto a Comer,0.051,KG,2.3,45.10,€
1686,6930606,mercearia,Salsichas de Aves Hot Dog Frasco 8 un,1.009,KG,4.89,11.64,€
1687,7360247,mercearia,Barras de Cereais de Arandos e Avelãs,0.16,KG,3.69,23.06,€
1688,7673486,mercearia,Cápsulas de Café Mundi Int 9,10.0,UN,1.99,0.20,€
1689,7314337,mercearia,Cápsulas de Café Fortíssimo Int 14 Pack Poupança,40.0,UN,6.79,0.17,€
1690,2202897,mercearia,Bolachas Wafers Quadratini com Recheio de Chocolate,0.25,KG,3.39,13.56,€
1691,7651473,mercearia,Gomas Melões,0.09,KG,1.39,15.44,€
1692,6336631,mercearia,Bolachas Crocantes Recheadas com Chocolate B-Ready,0.132,KG,2.79,21.14,€
1693,7422043,mercearia,Bolachas Mini Wafers,0.11,KG,1.99,18.09,€
1694,7612912,mercearia,Barra Proteína Vegetal Chocolate Negro de Framboesa Zero,0.055,KG,1.99,36.18,€
1695,7643112,mercearia,Batata Frita Gourmet Lisa Lombo,0.15,KG,2.69,17.93,€
1696,4273280,mercearia,Snacks Milho Rolitos Queijo,0.1,KG,1.99,19.90,€
1697,5695479,mercearia,Creme Vinagre Balsâmico,0.25,KG,3.79,15.16,€
1698,6826582,mercearia,Ervas de Provence em Frasco,0.015,KG,0.89,59.33,€
1699,6319590,mercearia,Massa Esparguete,0.5,KG,1.97,3.94,€
1700,6040952,mercearia,Bolachas Vitalday Crocantes de Fruta e Fibras,0.3,KG,2.59,8.63,€
1701,2227532,mercearia,Massa Cotovelos Grossos,0.5,KG,1.12,2.24,€
1702,3847650,mercearia,Vinagre de Sidra Original,0.25,LT,1.83,7.32,€
1703,5017343,mercearia,Bolachas Recheadas com Chocolate Diet Nature,0.25,KG,2.89,11.56,€
1704,4865947,mercearia,Bolachas Maria Oro Mel,0.6,KG,3.29,5.48,€
1705,4361715,mercearia,Cereais Cranties Amêndoas e Mel,0.375,KG,2.39,6.37,€
1706,6644069,mercearia,Massa Laços Integral,0.5,KG,1.31,2.62,€
1707,5046414,mercearia,Vinagre Balsâmico Spray,0.25,LT,1.95,7.80,€
1708,7551416,mercearia,Massas Laços Alentejo,0.5,KG,1.08,2.16,€
1709,7003225,mercearia,Mistura de Sementes,0.2,KG,1.99,9.95,€
1710,7408493,mercearia,Snacks Palitos de Queijo,0.1,KG,0.99,9.90,€
1711,6548156,mercearia,Molho de Coentros e Alho Top Down,0.25,LT,1.59,6.36,€
1712,4877185,mercearia,Biscoitos Integrais de Alfarroba,0.25,KG,2.69,10.76,€
1713,7413141,mercearia,Puré de Fruta Maçã e Banana +6M,4.0,KG,2.89,7.61,€
1714,7100959,mercearia,Molho Cocktail Top Down,0.285,LT,1.49,5.23,€
1715,4506387,mercearia,Bolachas Crackers sem Sal na Superfície,0.25,KG,2.29,9.16,€
1716,7619937,mercearia,Granola Aveia e Frutos Vermelhos,0.32,KG,2.74,8.56,€
1717,4874923,mercearia,Puré de Batata,0.291,KG,2.99,10.27,€
1718,2149368,mercearia,Milho para Pipocas,0.25,KG,0.39,1.56,€
1719,7279837,mercearia,Sardinha em Óleo Picante,0.12,KG,0.79,9.29,€
1720,6255372,mercearia,Alho Fumado em Frasco,0.048,KG,2.61,54.37,€
1721,7455095,mercearia,Tablete de Chocolate Negro com Lima e Pimenta,0.1,KG,1.49,14.90,€
1722,6628170,mercearia,Alecrim Folha em Frasco,0.023,KG,0.99,43.04,€
1723,7068471,mercearia,Granola de Aveia Integral com Cacau e Chocolate Negro,0.3,KG,3.69,12.30,€
1724,7408270,mercearia,Azeitona Preta Kalama,0.12,KG,3.99,33.25,€
1725,6707180,mercearia,Pastilhas Elásticas de Bubblemint,0.084,KG,3.29,39.17,€
1726,6880642,mercearia,Barras de Cereais Chocolate e Banana Fitness,0.141,KG,1.99,14.11,€
1727,4312972,mercearia,Bolachas de Cereais com Leite,0.3,KG,2.99,9.97,€
1728,5117818,mercearia,Couscous,1.0,KG,2.72,2.72,€
1729,2360004,mercearia,Tablete de Chocolate com Avelã e Passas,0.3,KG,6.74,22.47,€
1730,2005657,mercearia,Tablete de Chocolate de Leite,0.1,KG,1.39,13.90,€
1731,2712667,mercearia,Infusão Digestão Fácil Saquetas,20.0,UN,2.09,0.10,€
1732,6988689,mercearia,Condimento Azeite Virgem Extra Aroma Manjericão,0.25,LT,2.82,11.28,€
1733,2665161,mercearia,Massa Lasanha com Ovo,0.5,KG,2.44,4.88,€
1734,4228607,mercearia,Flocos Aveia Finos Integral,0.4,KG,1.19,2.98,€
1735,6403759,mercearia,Mistura de Limão e Tomilho em Frasco,0.043,KG,2.16,50.23,€
1736,7622128,mercearia,Cápsulas de Café Descafeinado Int 7,10.0,UN,3.19,0.32,€
1737,4000136,mercearia,Mostarda Dijon Original em Vidro,0.215,KG,3.99,18.56,€
1738,2963777,mercearia,Patê de Frango sem Glúten,0.075,KG,1.84,24.53,€
1739,7367974,mercearia,Cápsulas de Café Ethiopia Int 7,10.0,UN,4.59,0.46,€
1740,6156784,mercearia,Pasta Cogumelos Pot,0.07,KG,2.3,32.86,€
1741,5137072,mercearia,Biscoitos Areias,0.2,KG,3.09,15.45,€
1742,2605008,mercearia,Arroz Basmati,1.0,KG,2.82,2.82,€
1743,5761812,mercearia,Leite de Coco Light,0.165,KG,1.72,10.42,€
1744,6483224,mercearia,Patê de Pimenta,0.125,KG,0.89,7.12,€
1745,4954137,mercearia,Arroz Carolino Pack Poupança,5.0,KG,6.59,1.32,€
1746,5895602,mercearia,Biscoitos Cacau,0.22,KG,2.89,13.14,€
1747,5084711,mercearia,Gelatina Pronta Morango,0.4,KG,0.99,2.48,€
1748,7465321,mercearia,Bolachas com Cobertura de Chocolate de Leite,0.128,KG,1.89,14.77,€
1749,7422459,mercearia,Bolachas Mini Bites Sabor Mistério,0.15,KG,1.49,9.93,€
1750,6866536,mercearia,Cápsulas de Café Forte Extra Bold Roast,10.0,UN,3.89,0.39,€
1751,2164494,mercearia,Açúcar Fino,1.0,KG,1.79,1.79,€
1752,6403609,mercearia,Manteiga de Amendoim,1.0,KG,5.99,5.99,€
1753,4324989,mercearia,Bolachas Wafers de Chocolate Branco,0.18,KG,2.99,16.61,€
1754,7519242,mercearia,Alimento Lácteo de Banana sem Glúten +6M,0.1,KG,0.94,9.40,€
1755,5177901,mercearia,Gelatina Pronta Vegetal Pêssego,0.13,KG,1.16,8.92,€
1756,4407757,mercearia,Caldo de Galinha Cubos,16.0,KG,1.99,12.44,€
1757,7646467,mercearia,Gomas Amoras,0.09,KG,1.39,15.44,€
1758,7451607,mercearia,Vinagre de Sidra,0.5,LT,1.49,2.98,€
1759,7449613,mercearia,Azeitona Abruzo,0.15,KG,2.99,19.93,€
1760,2004662,mercearia,Bebida Cereais com Café,0.2,KG,5.49,€27.45, 
1761,7430423,mercearia,Massa Linguine,0.5,KG,1.21,2.42,€
1762,5974436,mercearia,Bolachas Maria de Chocolate,0.265,KG,2.29,8.64,€
1763,2868476,mercearia,Bolachas Integrais,0.18,KG,2.09,11.61,€
1764,6064400,mercearia,Bolo Choco Brownie,0.15,KG,2.65,17.67,€
1765,5512094,mercearia,Bolachas Vitalday com Recheio de Avelã,0.22,KG,2.89,13.14,€
1766,2003220,mercearia,Canela Moída em Frasco,0.039,KG,2.49,63.85,€
1767,6917654,mercearia,Demae Ramen de Galinha,0.1,KG,1.11,11.10,€
1768,5406764,mercearia,Folhas Frescas para Lasanha,0.25,KG,2.53,10.12,€
1769,5235704,mercearia,Tablete de Chocolate Negro com Avelãs sem Glúten,0.125,KG,2.99,23.92,€
1770,6719009,mercearia,Cápsulas de Café Decaffeinato Int 6,10.0,UN,3.39,0.34,€
1771,6453841,mercearia,Tortitas de Arroz sem Sal,0.13,KG,1.99,15.31,€
1772,2419651,mercearia,Caldo de Marisco Cubos,8.0,KG,2.3,28.75,€
1773,7033171,mercearia,Bolachas Crocantes Diet Nature,0.28,KG,3.19,11.39,€
1774,6897459,mercearia,Bolachas Digestivas Finas com Chocolate Preto,0.17,KG,2.65,15.59,€
1775,7381717,mercearia,Mix Frutos Secos Sport Pack Poupança,4.0,KG,2.99,14.95,€
1776,5466111,mercearia,Petit Four Coco,0.23,KG,2.5,10.87,€
1777,4304364,mercearia,Barras de Cereais Chocolate Negro Muesli,0.093,KG,3.59,26.01,€
1778,2172029,mercearia,Chá Preto English Breakfast Saquetas,20.0,UN,3.25,0.16,€
1779,5870516,mercearia,Leite de Coco,0.4,LT,2.99,7.48,€
1780,4612921,mercearia,Bolachas Maria Júnior sem Lactose,0.276,KG,3.59,13.01,€
1781,7214626,mercearia,Cápsulas de Café Robustus Int 9,10.0,UN,1.89,0.19,€
1782,6984728,mercearia,Cereais Corn Flakes,0.25,KG,2.29,9.16,€
1783,3774486,mercearia,Mexilhões em Escabeche,0.115,KG,2.3,32.86,€
1784,7448719,mercearia,Feijão Manteiga,0.58,KG,0.89,2.23,€
1785,7652385,mercearia,Rebuçados de Mentol com Limão,0.072,KG,1.99,27.64,€
1786,7576967,mercearia,Paprika Fumada Saqueta,0.035,KG,1.49,42.57,€
1787,6979041,mercearia,Gelatina em Pó Zero% de Ananás,0.028,KG,1.04,37.14,€
1788,2733422,mercearia,Feijão Branco,0.5,KG,0.99,1.98,€
1789,5612270,mercearia,Pastilhas Elásticas de Canela,0.0165,KG,0.99,58.24,€
1790,7140423,mercearia,Doce Abóbora,0.28,KG,2.99,10.68,€
1791,7609729,mercearia,Piripiri Grão,0.01,KG,1.09,109.00,€
1792,7624743,mercearia,Madalenas,0.45,KG,1.99,4.42,€
1793,6473635,mercearia,Bolachas Soft Bakes Recheadas de Chocolate e Avelã,0.25,KG,3.35,13.40,€
1794,6916551,mercearia,Massa Tripoline,0.55,KG,2.72,5.44,€
1795,4725771,mercearia,Crackies de Milho com Sal sem Glúten,0.13,KG,1.59,12.23,€
1796,7435519,mercearia,Conjunto de Saquetas de Fruta 4 Frutas +4M,4.0,KG,2.84,7.89,€
1797,2212830,mercearia,Azeite Virgem Extra Seleção Verde,0.75,LT,6.21,8.28,€
1798,3646018,mercearia,Vinagre Balsâmico,0.25,LT,1.25,5.00,€
1799,7071740,mercearia,Gelatina Pronta Morango sem Açúcar,0.4,KG,2.14,5.35,€
1800,6524785,mercearia,Barras de Cereais Lion,0.15,KG,1.99,13.27,€
1801,2014662,mercearia,Café em Grão Torrado Lote Superior Int 10,1.0,KG,16.49,16.49,€
1802,7200709,mercearia,Papa Infantil Não Láctea 7 Cereais +6M,0.2,KG,2.49,12.45,€
1803,7504738,mercearia,Bolachas com Cobertura de Chocolate Finas,0.126,KG,1.49,11.83,€
1804,6217926,mercearia,Vinagre Balsâmico Rosé,0.25,LT,1.99,7.96,€
1805,7399261,mercearia,Bolachas Marinhas Chia,0.2,KG,2.39,11.95,€
1806,6813290,mercearia,Mel de Acácia,0.3,KG,5.59,18.63,€
1807,7403454,mercearia,Gelatina Morango 0% Açúcar,0.031,KG,0.99,31.94,€
1808,7048840,mercearia,Massa Esparguete Tinta de Choco,0.5,KG,2.16,4.32,€
1809,4502988,mercearia,Massa Linguine com Tinta de Choco Al Nero di Seppia,0.5,KG,2.72,5.44,€
1810,5612272,mercearia,Pastilhas Elásticas de Spearmint,0.0165,KG,0.99,58.24,€
1811,7140425,mercearia,"Doce Maçã, Canela e Gengibre",0.28,KG,2.99,10.68,€
1812,3646810,mercearia,Chá Verde Saquetas,20.0,UN,1.69,0.08,€
1813,2507889,mercearia,Noz Moscada com Moinho em Frasco,0.03,KG,2.89,96.33,€
1814,7519500,mercearia,Tablete de Chocolate Leite,0.125,KG,2.99,23.92,€
1815,7622159,mercearia,Barra de Cereais Avelã 0%,0.12,KG,3.59,29.92,€
1816,7241223,mercearia,Cápsulas de Café Classico Int 10 Pack Poupança,48.0,UN,9.99,0.21,€
1817,5176187,mercearia,Sal Marinho Tradicional,1.0,KG,0.99,0.99,€
1818,5177903,mercearia,Gelatina Pronta Vegetal Morango,0.13,KG,1.16,8.92,€
1819,7609728,mercearia,Piripiri Moído,0.035,KG,1.39,39.71,€
1820,7612777,mercearia,Creme Vinagre Balsâmico de Modena,0.25,LT,2.99,11.96,€
1821,4437973,mercearia,Maionese Leve em Vidro,0.437,KG,1.79,4.10,€
1822,4371617,mercearia,Papa Infantil Láctea de Maçã +6M,0.25,KG,3.19,12.76,€
1823,6085261,mercearia,Barra de Cereais Chocolate Branco Línea,0.12,KG,3.59,29.92,€
1824,5046337,mercearia,Mostarda com Mel,0.25,KG,2.64,10.56,€
1825,5883254,mercearia,Snack de Arroz e Alecrim sem Glúten,0.04,KG,1.69,42.25,€
1826,4322899,mercearia,Massa de Pimentão sem Glúten,0.2,KG,0.85,4.25,€
1827,7127057,mercearia,Croutons com Queijo e Sésamo,0.075,KG,1.69,22.53,€
1828,7577558,mercearia,"Saqueta Batata Doce, Maçã e Banana e Canela +6M",0.1,KG,1.19,11.90,€
1829,4949426,mercearia,Bolachas de Chocolate Tosta Rica Oceanix,0.16,KG,2.09,13.06,€
1830,2834264,mercearia,Pimentão Doce em Frasco,0.04,KG,1.59,39.75,€
1831,7414706,mercearia,Pudim Flan sem Lactose,0.4,KG,2.45,6.12,€
1832,5772641,mercearia,Granola Aveia com Chocolate Cruesli,0.375,KG,4.99,13.31,€
1833,7406754,mercearia,Arroz Agulha Integral,1.0,KG,1.5,1.50,€
1834,7137116,mercearia,Massa Fusilli Trofie,0.5,KG,3.1,6.20,€
1835,2130269,mercearia,Espargos Brancos sem Glúten,0.33,KG,3.74,18.24,€
1836,7654357,mercearia,Caramelos de Fruta,0.45,KG,2.49,5.53,€
1837,6524570,mercearia,Massa Linguine com Vegetais Tricolor,0.5,KG,1.3,2.60,€
1839,7235865,mercearia,Manteiga de Amendoim,0.34,KG,1.79,5.26,€
1840,4994683,mercearia,Azeitona Verde Provençal,0.15,KG,3.99,26.60,€
1841,7408505,mercearia,Snacks Palitos de Ketchup,0.1,KG,0.99,9.90,€
1842,4730657,mercearia,Rebuçados Peitorais,0.1,KG,1.79,17.90,€
1843,6046564,mercearia,Cominhos Moídos em Frasco,0.045,KG,0.89,19.78,€
1844,4922178,mercearia,Infusão Cidreira e Mel Pyramid Saquetas,20.0,UN,2.09,0.10,€
1845,7306160,mercearia,Granola Superior,0.4,KG,5.99,14.98,€
1846,7234049,mercearia,Caju e Amendoim com Mel e Sal,0.2,KG,2.99,14.95,€
1847,5053569,mercearia,Azeite Virgem Extra DOP Moura,0.75,LT,5.17,6.89,€
1848,5030820,mercearia,Tortitas de Milho,0.06,KG,1.0,16.67,€
1849,6021716,mercearia,Maionese em Frasco,0.24,LT,3.19,13.29,€
1850,7200745,mercearia,Papa Infantil Láctea Bolacha +6M,0.2,KG,3.49,17.45,€
1851,7543976,mercearia,Salsicha Estilo Viena,0.2,KG,3.59,17.95,€
1852,5446515,mercearia,Bolachas Petit sem Glúten,4.0,KG,2.97,18.00,€
1853,6849095,mercearia,Bolachas My Cookies Tradicional,0.15,KG,1.65,11.00,€
1854,4878654,mercearia,Barras de Sésamo e Mel sem Glúten,0.15,KG,3.19,21.27,€
1855,4140072,mercearia,Snack de Chocolate de Leite,0.2,KG,1.89,9.45,€
1856,6333318,mercearia,Tablete de Chocolate de Leite com Avelã,0.1,KG,0.99,9.90,€
1857,7264241,mercearia,Macedónia sem Glúten,0.345,KG,1.49,6.62,€
1858,6957306,mercearia,Nestum Arroz Zero +3A sem Glúten,0.25,KG,3.06,12.24,€
1859,7612909,mercearia,Barra Proteína Vegetal Caramelo Zero sem Glúten,0.055,KG,1.99,36.18,€
1860,5078633,mercearia,Bolachas Fruit & Fit de Maçã e Canela,0.148,KG,2.49,16.82,€
1861,7029866,mercearia,Banana Frita às Rodelas,0.25,KG,2.39,9.56,€
1862,5515843,mercearia,Granola Cereais Dourados,0.35,KG,2.99,8.54,€
1863,3646763,mercearia,Infusão Lúcia-Lima Verbena Saquetas,10.0,UN,0.84,0.08,€
1864,7619619,mercearia,Bolacha Espelta e Banana,0.1,KG,2.14,21.40,€
1865,2003670,mercearia,Lula Recheada,0.12,KG,2.8,37.33,€
1866,5368801,mercearia,Batata Frita Salgada,0.15,KG,2.99,19.93,€
1867,6997989,mercearia,Arandos Desidratados,0.2,KG,2.29,11.45,€
1868,7310436,mercearia,Madalenas Recheadas com Cacau,0.336,KG,1.79,5.33,€
1869,6820268,mercearia,Cornitas de Grão e Lentilhas sem Glúten,0.09,KG,1.79,19.89,€
1870,6998208,mercearia,Mix Frutos Secos com Goji,0.2,KG,2.99,14.95,€
1871,5076307,mercearia,Salsichas de Frango Frankfurt,0.14,KG,1.39,9.93,€
1872,2904585,mercearia,Mostarda Mix Top Down,0.25,KG,1.29,5.16,€
1873,7394708,mercearia,Cereais Miel Pops,0.375,KG,2.49,6.64,€
1874,6284513,mercearia,Massa Esparguete,0.5,KG,2.25,4.50,€
1875,7133690,mercearia,Cápsulas de Café Single-Origin Colombia Int 7,10.0,UN,3.89,0.39,€
1876,7372077,mercearia,"Infantil Farinha Láctea Aveia, Maçã, Abóbora e Cenoura +6M",0.25,KG,2.69,10.76,€
1877,6028228,mercearia,Snacks Tortilha Chips Chili,0.185,KG,2.99,16.16,€
1878,6083294,mercearia,Filete de Cavala ao Natural,0.12,KG,1.39,15.44,€
1879,7275984,mercearia,Miolo de Amendoim com Mel e Sal,0.05,KG,0.79,15.80,€
1880,7171675,mercearia,Rebuçados Energy Cola,4.0,KG,2.99,23.36,€
1881,6989092,mercearia,Infusão Camomila e Erva-Princípe Saquetas,20.0,UN,2.09,0.10,€
1882,4447701,mercearia,Pastilhas Elásticas de Frutos Vermelhos,4.0,KG,1.59,18.07,€
1883,6988301,mercearia,Infusão Menta Gengibre Digestão Saquetas,20.0,UN,2.84,0.14,€
1884,2005224,mercearia,Sardinha em Tomate,0.125,KG,1.04,8.32,€
1885,7168017,mercearia,"Boião de Fruta Pera, Banana e Cenoura +4M",0.12,KG,1.19,9.92,€
1886,7072824,mercearia,Cápsulas de Café Espresso Verona Int 10,10.0,UN,3.89,0.39,€
1887,7620957,mercearia,Bolacha Merendinha com Mel,0.215,KG,1.09,5.07,€
1888,4288821,mercearia,Bolachas de Chocolate com Recheio de Creme,0.154,KG,1.79,11.62,€
1889,2185252,mercearia,Patê de Atum,0.088,KG,1.39,15.80,€
1890,6231720,mercearia,Cápsulas de Café Descafeinado,10.0,UN,1.89,0.19,€
1891,6709789,mercearia,Tortitas de Arroz e Quinoa Vermelha sem Glúten,0.13,KG,1.29,9.92,€
1892,6554647,mercearia,Papa Infantil Farinha Láctea Cereais e Bolacha +6M,2.0,LT,2.39,4.78,€
1893,3847649,mercearia,Vinagre de Vinho Tinto,0.25,LT,1.19,4.76,€
1894,2062207,mercearia,Bolachas de Água e Sal,0.125,KG,0.45,3.60,€
1895,6278021,mercearia,Café Moído Torrado Moagem Universal Origins Angola Int 13,0.22,KG,2.59,11.77,€
1896,7324628,mercearia,Gomas Tijolos,0.3,KG,1.79,5.97,€
1897,7116213,mercearia,Sortido de Bolachas,0.35,KG,3.69,10.54,€
1898,7430654,mercearia,Pastilhas Elásticas Oral-B Peppermint,0.068,KG,3.49,51.32,€
1899,2003744,mercearia,Pêssego em Calda,0.82,KG,4.39,9.15,€
1900,7545758,mercearia,Bolacha Aveia sem Glúten,0.22,KG,1.82,8.27,€
1901,4695117,mercearia,Polpa de Tomate com Cebola e Alho,0.5,KG,2.39,4.78,€
1902,7458816,mercearia,Caju de Moçambique com Sal Marinho,0.2,KG,4.19,20.95,€
1903,7100954,mercearia,Molho de Alho e Ervas Top Down,0.285,LT,1.59,5.58,€
1904,6994394,mercearia,Massa Esparguete Quadri Molde Bronze,0.5,KG,1.74,3.48,€
1905,7656677,mercearia,Lágrimas de Neve,0.45,KG,2.49,5.53,€
1906,5391871,mercearia,Cápsulas de Café Ristretto Ardenza Int 11,16.0,UN,6.49,0.41,€
1907,6032677,mercearia,Milho Doce sem Glúten,0.225,KG,2.74,13.05,€
1908,7633058,mercearia,Vinagre de Vinho Tinto Cabernet Sauvignon,0.25,LT,1.99,7.96,€
1909,6000568,mercearia,Bolachas Digestivas com Chocolate Negro,0.1998,KG,2.89,14.52,€
1910,7499807,mercearia,Bolachas Recheadas com Chocolate e Avelãs,0.304,KG,4.19,13.78,€
1911,2092984,mercearia,Caramelo Líquido sem Glúten,0.4,KG,1.45,3.63,€
1912,7241158,mercearia,Atum Posta em Óleo Vegetal,0.12,KG,0.93,10.94,€
1913,7612908,mercearia,Barra Proteína Vegetal Indulgent Chocolate sem Glúten,0.055,KG,1.99,36.18,€
1914,4995270,mercearia,Fermento de Padeiro sem Glúten,4.0,KG,1.74,39.55,€
1915,4866384,mercearia,Chá Preto e Frutos Silvestres Pyramid Saquetas,20.0,UN,1.89,0.09,€
1916,5848482,mercearia,Cereais Corn Flakes Go Free Chocolate sem Glúten,0.375,KG,2.44,6.51,€
1917,5512093,mercearia,Bolachas Vitalday com Frutos Vermelhos Recheio de Iogurte,0.22,KG,2.89,13.14,€
1918,4540938,mercearia,Bolachas Flakes Nocilla,0.175,KG,1.79,10.23,€
1919,7251726,mercearia,Mel de Queiró e Rosmaninho Serra da Malcata,0.3,KG,3.2,10.67,€
1920,5125256,mercearia,Alho e Ervas Aromáticas em Frasco,0.04,KG,2.16,54.00,€
1921,6628172,mercearia,Gengibre Moído em Frasco,0.026,KG,0.99,38.08,€
1922,7421902,mercearia,Snack para Bebé Mini Bolachas de Arroz +3A,0.03,KG,1.49,49.67,€
1923,6218478,mercearia,Molho Guacamole,0.33,KG,2.89,8.76,€
1924,2701102,mercearia,Alimento Lácteo Banana sem Glúten +6M,4.0,KG,2.68,6.70,€
1925,6262015,mercearia,Couscous Integral,0.5,KG,1.97,3.94,€
1926,6473579,mercearia,Bolachas Soft Bakes Recheadas de Morango,0.25,KG,3.35,13.40,€
1927,7226470,mercearia,Miolo de Noz,0.05,KG,0.99,19.80,€
1928,6297312,mercearia,Pastilhas Elásticas Senses Melancia,0.023,KG,0.99,43.04,€
1929,6015260,mercearia,Iogurte Magro e Gelatina Morango,0.48,KG,1.69,3.52,€
1930,2024560,mercearia,"Cereais Cheerios Trigo, Mel e Aveia",0.375,KG,3.34,8.91,€
1931,6297587,mercearia,Tablete de Chocolate Confetti,0.1,KG,1.39,13.90,€
1932,4326920,mercearia,Drageias de Chocolate Pop Balls,0.175,KG,1.79,10.23,€
1933,6826186,mercearia,Snack de Milho sem Glúten,0.02,KG,1.15,57.50,€
1934,7228930,mercearia,Infusão Cavalinha Saquetas,10.0,UN,1.49,0.15,€
1935,7188279,mercearia,"Tortitas Vitalday de Arroz, Chocolate e Coco sem Glúten",0.1176,KG,2.89,24.70,€
1936,2001331,mercearia,Salsichas Frankfurt Lata 8 un,0.35,KG,1.19,5.95,€
1937,7442081,mercearia,Farinha de Trigo,1.0,KG,0.89,0.89,€
1938,7115232,mercearia,Bolonhesa Lata,0.507,KG,2.89,6.88,€
1939,5247119,mercearia,Bolachas de Chocolate com Recheio de Creme,0.22,KG,1.69,7.68,€
1940,5647551,mercearia,Mexilhão em Escabeche,0.111,KG,1.55,22.46,€
1941,6916417,mercearia,Massa Paccheri Rigati,0.5,KG,2.72,5.44,€
1942,6917735,mercearia,Tortilhas sem Glúten,0.216,KG,3.49,16.16,€
1943,7723307,mercearia,Bolachas Marinheiras com Chia,0.2,KG,2.49,12.45,€
1944,5026352,mercearia,Pastilhas Elásticas 60 Minutos Peppermint,0.02,KG,1.09,54.50,€
1945,7405534,mercearia,Café Solúvel Intenso,0.2,KG,3.99,19.95,€
1946,7211496,mercearia,Bolachas Vitalday Recheadas Duplo Cacau,0.2,KG,2.89,14.45,€
1947,6043421,mercearia,Snacks Tortilha Chips Sabor Queijo,0.185,KG,2.99,16.16,€
1948,5394594,mercearia,Bebida Cereais com Café,0.2,KG,3.19,15.95,€
1949,7615803,mercearia,Refeição para Bebé Legumes e Vitela +6M,0.19,KG,2.69,14.16,€
1950,4873588,mercearia,Maionese com Flor de Sal em Vidro,0.45,LT,2.39,5.31,€
1951,5330563,mercearia,Bolachas de Manteiga,0.168,KG,1.99,11.85,€
1952,7479240,mercearia,Molho Piri-piri,0.1,LT,0.89,8.90,€
1953,5394597,mercearia,Chá Preto Earl Grey Saquetas,25.0,UN,1.89,0.08,€
1954,2004007,mercearia,Chá Preto Yellow Label Saquetas,20.0,UN,1.19,0.06,€
1955,5026373,mercearia,Pastilhas Elásticas 60 Minutos Spearmint,0.02,KG,1.09,54.50,€
1956,5183253,mercearia,Gomas Favoritos Pica,0.09,KG,1.29,14.33,€
1957,6441531,mercearia,Bolachas My Mini Cookie com Chocolate,0.12,KG,1.39,11.58,€
1958,7389954,mercearia,Sal Rosa dos Himalaias Fino,1.0,KG,1.91,1.91,€
1959,7452940,mercearia,Doce de Morango Intense,0.335,KG,3.99,11.91,€
1960,6262348,mercearia,Café Moído Torrado Moagem Universal Int 7,0.22,KG,4.79,21.77,€
1961,4745623,mercearia,Pastilhas Elásticas de Tutti Frutti Super,0.032,KG,0.46,14.38,€
1962,7723311,mercearia,Mel de Flores,0.3,KG,3.99,13.30,€
1963,4373720,mercearia,Feijoada Transmontana sem Glúten,0.42,KG,2.49,5.93,€
1964,7557693,mercearia,Cápsulas de Café Velluto Int 8,16.0,UN,3.99,0.25,€
1965,5659165,mercearia,Broas da Avó,0.35,KG,3.19,9.11,€
1966,5931707,mercearia,Granola Arandos e Sementes de Abóbora,0.3,KG,4.49,14.97,€
1967,7030204,mercearia,Sementes de Linhaça,0.2,KG,0.99,4.95,€
1969,5538337,mercearia,Ketchup à Portuguesa Top Down sem Glúten,0.45,KG,2.49,5.53,€
1970,2004388,mercearia,Papa Infantil Farinha Láctea +6M,0.5,KG,4.99,9.98,€
1971,7181137,mercearia,Cereais Cheerios Aveia Original,0.3,KG,2.99,9.97,€
1972,6498103,mercearia,Polpa Tomate,0.21,KG,0.43,2.05,€
1973,6410684,mercearia,Arroz Aromático Punjab,1.0,KG,2.53,2.53,€
1974,2603557,mercearia,Refeição para Bebé Vitela com Legumes +6M,0.2,KG,2.22,11.10,€
1975,7361214,mercearia,Bolachas Pequeno Almoço Cereais,0.3,KG,1.99,6.63,€
1976,2391613,mercearia,Bolachas de Manteiga Shortbread,0.15,KG,4.45,29.67,€
1977,7641679,mercearia,Bolacha Donuts Cacau com Recheio,0.14,KG,1.64,11.71,€
1978,2007257,mercearia,Bombons de Chocolate Frutos do Mar,0.25,KG,4.21,16.84,€
1979,7543877,mercearia,Pasta de Azeitona Preta,0.1,KG,1.69,16.90,€
1980,2004696,mercearia,Café Solúvel Descafeinado,0.1,KG,3.49,34.90,€
1981,2733471,mercearia,Feijão Catarino,0.5,KG,1.19,2.38,€
1982,2601431,mercearia,Bolachas Doradas Diet Nature,0.33,KG,3.39,10.27,€
1983,7017310,mercearia,Snack de Lentilhas Vermelhas e Grão de Bico sem Glúten,0.045,KG,2.29,50.89,€
1984,5902764,mercearia,Gelatina em Pó Zero% de Papaia,0.028,KG,1.04,37.14,€
1985,2167607,mercearia,Geleia Marmelo,0.345,KG,2.99,8.67,€
1986,7648474,mercearia,Snack para Bebé Manga +8M,0.018,KG,1.35,75.00,€
1987,6609651,mercearia,Bolachas Thins de Chocolate de Leite,0.15,KG,2.99,19.93,€
1988,3692083,mercearia,Massa Macarrão com Molho de Queijo,0.15,KG,1.49,9.93,€
1989,2976666,mercearia,Bebida de Chocolate Solúvel,0.8,KG,13.64,17.05,€
1990,6370468,mercearia,Broinhas Doces,0.3,KG,2.09,6.97,€
1991,2556457,mercearia,Tarteletes Chocolate de Avelã,0.15,KG,1.19,7.93,€
1992,7440253,mercearia,Pipocas Salgadas,0.09,KG,0.99,11.00,€
1993,6818168,mercearia,Atum Posta ao Natural,0.385,KG,3.29,12.19,€
1994,6046678,mercearia,Piri-piri Grão em Saqueta,0.02,KG,0.89,44.50,€
1995,6752423,mercearia,"Papa Infantil Láctea Aveia, Maçã e Cenoura Seleção da Natureza +6M",0.24,KG,3.29,13.71,€
1996,6046612,mercearia,Pimenta Preta Moída em Frasco,0.048,KG,0.79,16.46,€
1997,2533279,mercearia,Azeite Virgem Extra DOP Moura,0.75,LT,5.93,7.91,€
1998,5516546,mercearia,"Tortitas de Milho Cogumelos, Trufas e Parmesão",0.124,KG,2.95,23.79,€
1999,7275982,mercearia,Amêndoa com Pele,0.05,KG,0.99,19.80,€
2000,6191786,mercearia,Massa Esparguete Integral,0.5,KG,2.06,4.12,€
2001,6179529,mercearia,Massa Radiatori Integral,0.5,KG,2.14,4.28,€
2002,6331874,mercearia,Creme Vinagre Balsâmico,0.25,LT,4.99,19.96,€
2003,7632254,mercearia,Café Solúvel Pack Poupança,2.0,KG,7.69,19.23,€
2004,7367975,mercearia,Rebentos de Feijão Mungo sem Glúten,0.222,KG,0.85,7.73,€
2005,7637108,mercearia,Molho Inglês,0.2,LT,1.75,8.75,€
2006,3731492,mercearia,Massa Farfalle,0.5,KG,1.97,3.94,€
2007,3036182,mercearia,Leite Infantil 1-3A,4.0,LT,1.75,2.19,€
2008,2807527,mercearia,Doce Extra Framboesa,0.37,KG,5.29,14.30,€
2009,6776183,mercearia,Snack Aperitivo Hummus Sabor Chili e Limão,0.135,KG,2.65,19.63,€
2010,4441213,mercearia,Molho Suculento Frango no Forno à Provençal com Ervas Aromáticas em Saqueta,0.028,KG,1.19,42.50,€
2011,7027158,mercearia,Noodles de Carne,0.07,KG,0.5,7.14,€
2012,7251255,mercearia,Bolacha Orgânica Maria Integral,0.4,KG,2.99,7.48,€
2013,7091780,mercearia,Caril em Frasco,0.045,KG,0.69,15.33,€
2014,7463436,mercearia,Caju Frito com Mel e Sal,0.2,KG,4.99,24.95,€
2015,5515663,mercearia,Bolachas Cereais Integrais Diet Nature,0.216,KG,3.29,15.23,€
2016,4807191,mercearia,Lentilhas Vermelhas,0.4,KG,1.19,2.98,€
2017,4117246,mercearia,Farinha para Pão de Sementes,1.0,KG,2.79,2.79,€
2018,5547210,mercearia,Suspiros,0.15,KG,2.79,18.60,€
2019,4374072,mercearia,Massa Tallarine à Carbonara,0.15,KG,1.49,9.93,€
2020,5081979,mercearia,Massa Fusilli Lunghi,0.5,KG,2.97,5.94,€
2021,2004685,mercearia,Cappuccino Solúvel Gold,10.0,KG,2.64,18.86,€
2023,2399148,mercearia,Patê de Sardinha,0.065,KG,0.79,12.15,€
2024,5973978,mercearia,Massa Animais da Quinta com Vegetais,0.5,KG,1.31,2.62,€
2025,2035556,mercearia,Pastilhas Elásticas Peppermint,4.0,KG,2.79,49.82,€
2026,7463611,mercearia,Tâmara Medjool,0.25,KG,5.99,23.96,€
2027,7311686,mercearia,Arroz de Frango e Cogumelos Pot Pronto a Comer,0.075,KG,1.99,26.53,€
2028,2232419,mercearia,Doce Extra 4 Frutos Vermelhos,0.37,KG,3.99,10.78,€
2029,2404476,mercearia,Barras de Cereais Avelã Muesli,0.15,KG,3.59,23.93,€
2030,7239017,mercearia,Caldo de Chili com Carne em Saqueta,4.0,KG,0.99,30.00,€
2031,4304010,mercearia,Snacks de Tortilha Milho Sabor Mexicano,0.2,KG,2.79,13.95,€
2032,7088549,mercearia,Massa Fettucine Integral,0.5,KG,3.08,6.16,€
2033,6369899,mercearia,Tablete de Chocolate Negro com Coco sem Glúten,0.125,KG,2.79,22.32,€
2034,7213841,mercearia,Bolachas Digestivas com Chocolate,0.3,KG,0.99,3.30,€
2035,5347640,mercearia,Bolo Choco Tutti,0.15,KG,2.65,17.67,€
2036,6910653,mercearia,Batata Frita Sal Marinho e Vinagre,0.15,KG,2.99,19.93,€
2037,5610608,mercearia,Bolachas de Amendoim,0.22,KG,2.5,9.62,€
2038,2167601,mercearia,Doce Gila,0.345,KG,2.99,8.67,€
2039,5512020,mercearia,Bolachas Vitalday de Aveia e Pepitas de Chocolate,0.24,KG,2.89,12.04,€
2040,7295663,mercearia,Patê com Cebola Caramelizada,0.1,KG,2.39,23.90,€
2041,7520375,mercearia,Gomas Funky Mix Formato Familiar,0.25,KG,1.79,7.16,€
2042,7497972,mercearia,Pastilhas Elásticas de Menta,0.021,KG,1.99,94.76,€
2043,7123707,mercearia,Cereais Corn Flakes,0.375,KG,1.79,4.77,€
2044,7645366,mercearia,Segredos Saladas,0.01,KG,1.64,164.00,€
2045,5915256,mercearia,Infusão Limão e Gengibre com Vitamina C Immune Saquetas,20.0,UN,2.84,0.14,€
2046,7406696,mercearia,Arroz Thai Jasmim,1.0,KG,2.25,2.25,€
2047,7367949,mercearia,Tablete Chocolate Negro 74%,0.1,KG,1.15,11.50,€
2048,7626282,mercearia,Pimenta Rosa em Grão em Saqueta,0.02,KG,3.09,154.50,€
2049,7182949,mercearia,Doce Abóbora,0.28,KG,3.29,11.75,€
2050,4637127,mercearia,Bolachas Digestivas de Aveia,0.41,KG,4.49,10.95,€
2051,2305079,mercearia,Vinagre de Vinho Branco,0.5,LT,1.03,2.06,€
2052,6997478,mercearia,Tablete de Chocolate Negro com Amêndoa 85% Cacau sem Glúten,0.2,KG,3.29,16.45,€
2053,7402091,mercearia,Bolachas Recheadas Cacau e Baunilha,0.22,KG,1.29,5.86,€
2054,7740996,mercearia,Cápsulas de Café Qharacter Int 9,80.0,UN,22.99,0.29,€
2055,6284511,mercearia,Massa Fusilli,0.5,KG,2.25,4.50,€
2056,4394856,mercearia,Papa Infantil Láctea 5 Frutos +6M,0.25,KG,3.39,13.56,€
2057,6418343,mercearia,Tempero de Alho e Pimentão em Frasco,0.05,KG,1.49,29.80,€
2058,7094414,mercearia,Crackies de Milho com Chocolate Preto sem Glúten,0.09,KG,1.88,20.89,€
2059,7443381,mercearia,Gomas DoyPack Mini Mix Ácido,0.18,KG,2.49,13.83,€
2060,6119190,mercearia,Massa Eliche e Fusilli Integral,0.5,KG,2.0,4.00,€
2061,7621550,mercearia,Noodles Demae Ramen Japonês Curry,0.1,KG,1.11,11.10,€
2062,5183249,mercearia,Gomas Favoritos Classic,0.09,KG,1.29,14.33,€
2063,6231722,mercearia,Cápsulas de Café Aveludado Int 9,10.0,UN,1.89,0.19,€
2064,7182869,mercearia,Doce 4 Frutos,0.28,KG,3.29,11.75,€
2065,6949453,mercearia,Flocos Aveia Finos,0.375,KG,1.19,3.17,€
2066,7367976,mercearia,Cápsulas de Café Kenya Int 8,10.0,UN,4.59,0.46,€
2067,3692075,mercearia,Massa Penne com Molho de Cogumelos,0.15,KG,1.49,9.93,€
2068,5422373,mercearia,Farinha Amido de Milho sem Glúten,0.7,KG,2.89,4.13,€
2069,6719160,mercearia,Tablete de Chocolate Negro com Caramelo 70%,0.1,KG,2.69,26.90,€
2070,7636119,mercearia,Coentros Moídos em Saqueta,0.04,KG,1.89,47.25,€
2071,6415694,mercearia,Batata Doce Frita,0.1,KG,1.75,17.50,€
2072,4322898,mercearia,Massa de Tempero de Vinha de Alho sem Glúten,0.2,KG,0.85,4.25,€
2073,6587093,mercearia,Pipocas Doces,0.15,KG,0.85,5.67,€
2074,2003832,mercearia,Caramelos de Fruta,0.5,KG,5.8,11.60,€
2075,7095880,mercearia,Tortitas Vitalday de Arroz com Iogurte sem Glúten,0.125,KG,2.44,2.44,€
2076,6395332,mercearia,Mistura de Condimentos para Fajitas sem Glúten,0.03,KG,1.39,46.33,€
2077,7599927,mercearia,Pimenta Preta Moída Saqueta,0.035,KG,1.79,51.14,€
2078,7730874,mercearia,Tortilhas de Trigo Fajita,0.32,KG,1.49,4.66,€
2079,6813078,mercearia,Mel Flores de Rosmaninho com Doseador,0.5,KG,6.19,12.38,€
2080,5597483,mercearia,Bolachas Golden Recheio de Creme,0.154,KG,1.79,11.62,€
2081,5884667,mercearia,Massa Fusilli Integral,0.5,KG,2.5,5.00,€
2082,5461222,mercearia,Gomas Bananas sem Glúten,0.09,KG,1.19,13.22,€
2083,6633091,mercearia,Granola de Aveia Crocante com Nozes Pecan,0.35,KG,4.99,14.26,€
2084,6625510,mercearia,Massinha Pérolas Couscous,0.5,KG,1.5,3.00,€
2085,3907325,mercearia,Batata Frita Ondulada,0.045,KG,1.09,24.22,€
2086,4878837,mercearia,Milho Doce sem Glúten,2.0,KG,3.39,12.11,€
2087,7393778,mercearia,Cereais de Chocolate,0.33,KG,4.69,14.21,€
2088,2004092,mercearia,Cevada,0.2,KG,3.79,18.95,€
2089,4924939,mercearia,Chá Mirtilo e Maçã Cold Saquetas,10.0,UN,1.34,0.13,€
2090,7119429,mercearia,Adoçante com Stevia Doseador,100.0,KG,2.24,224.00,€
2091,2015458,mercearia,Massinha Pontinha,0.25,KG,0.56,2.24,€
2092,2858335,mercearia,Doce Abóbora,0.345,KG,2.99,8.67,€
2093,2187580,mercearia,Couscous,0.25,KG,0.61,2.44,€
2094,7226476,mercearia,Mix Frutos Secos Prazer,0.05,KG,0.99,19.80,€
2095,4677220,mercearia,Lentilhas Verdes,0.5,KG,3.49,6.98,€
2096,6987127,mercearia,Caramelos de Leite,0.25,KG,1.49,5.96,€
2097,6231758,mercearia,Cápsulas de Café Fortíssimo Int 14,10.0,UN,1.89,0.19,€
2098,7648171,mercearia,Bolachas Torradas,0.2,KG,1.14,5.70,€
2099,6447115,mercearia,Caldo de Galinha Cubos,12.0,KG,0.99,8.25,€
2100,2005332,mercearia,Snack de Chocolate de Leite Kit Kat Mini,12.0,KG,3.59,17.95,€
2101,4069066,mercearia,Bolachas Digestivas Muesli,0.365,KG,1.64,4.49,€
2102,3675268,mercearia,Cereais Estrelas de Mel,0.375,KG,1.75,4.67,€
2103,5877165,mercearia,Pastilhas Elásticas Max Splash Strawberry Lime,3.0,KG,2.79,46.50,€
2104,5422341,mercearia,Farinha Amido de Milho sem Glúten,0.4,KG,1.69,4.22,€
2105,7410185,mercearia,Puré de Fruta Frutos Variados +6M,4.0,KG,2.89,7.61,€
2106,7151524,mercearia,Gelatina em Pó de Morango e Framboesa,0.114,KG,1.99,17.46,€
2107,5235403,mercearia,Cápsulas de Café Ristretto Barista Int 9,16.0,UN,5.49,0.34,€
2108,4522983,mercearia,Bolachas Recheadas Flakes,0.5,KG,2.99,5.98,€
2109,5781142,mercearia,Polpa de Tomate com Manjericão,0.4,KG,2.49,6.23,€
2110,6217441,mercearia,Snack de Chocolate Kinder Délice,0.403,KG,5.49,13.62,€
2111,2952588,mercearia,Croissants Mini com Recheio de Baunilha,0.08,KG,1.39,17.38,€
2112,6996172,mercearia,Quinoa Integral,2.0,KG,3.69,18.45,€
2113,7521060,mercearia,Molho Vinagrete Balsâmico com Mel,0.245,LT,1.39,5.67,€
2114,7388328,mercearia,"Saqueta Banana, Framboesa, Mirtilo e Aveia",0.12,KG,1.85,15.42,€
2115,6664742,mercearia,Gomas Ositos Oro,0.1,UN,1.29,12.90,€
2116,5934461,mercearia,Doce Amoras,0.284,KG,4.39,15.46,€
2117,5128355,mercearia,Tostas Baixo Teor de Sal,0.225,KG,0.93,4.13,€
2118,2148848,mercearia,Doce Morango Light,0.34,KG,1.69,4.97,€
2119,4594453,mercearia,Bolachas Circus Cacau,0.3,KG,2.79,9.30,€
2120,5883240,mercearia,Snack Mini de Milho e Quinoa sem Glúten,0.05,KG,1.69,33.80,€
2121,7537805,mercearia,Cereais Lion Wild,0.36,KG,4.49,12.47,€
2122,4745296,mercearia,Croissants Mini com Recheio de Chocolate,0.199,KG,2.49,12.51,€
2123,7730369,mercearia,Barra Proteína Zero Fudge Brownie,0.04,KG,1.39,34.75,€
2124,5516514,mercearia,"Tortitas de Arroz Chocolate Negro, Laranja e Flor de Azahar",0.132,KG,2.75,20.83,€
2125,2852183,mercearia,Café em Grão Torrado Lote Selecto Aromático,1.0,KG,14.29,14.29,€
2126,2799173,mercearia,Bolachas de Cappuccino,0.15,KG,2.74,18.27,€
2127,6368465,mercearia,Arroz Basmati Integral,1.0,KG,2.53,2.53,€
2128,5877162,mercearia,Pastilhas Elásticas Max Watermelon Frost,3.0,KG,2.79,46.50,€
2129,5649264,mercearia,Bolachas Soft Bakes Cereais,0.25,KG,3.35,13.40,€
2130,5632707,mercearia,Nestlé Dark Tablete de Chocolate Negro 70% Cacau sem Glúten,0.12,KG,2.99,24.92,€
2131,7264816,mercearia,Bolachas de Aveia e Chocolate Negro Diet Nature,0.275,KG,3.79,13.78,€
2132,4372269,mercearia,Tablete de Chocolate de Leite,0.1,KG,1.19,11.90,€
2133,6218473,mercearia,Snacks Tortilha Nachos com Queijo,0.2,KG,2.69,13.45,€
2134,2428811,mercearia,Pastilhas Elásticas Morango,4.0,KG,2.79,49.82,€
2135,6645541,mercearia,Ervas de Provence,0.016,KG,1.71,106.88,€
2136,2465815,mercearia,Massa Esparguete,0.5,KG,1.23,2.46,€
2137,7506752,mercearia,Sopa 100% Tomate Toscana,0.058,KG,1.99,34.31,€
2138,7358209,mercearia,Bolacha 5 Cereais e Framboesa,0.16,KG,2.39,14.94,€
2139,7268323,mercearia,Bolachas Sesamo,0.2,KG,2.44,12.20,€
2140,5789728,mercearia,Azeitona Galega,0.21,KG,2.01,9.57,€
2141,5457027,mercearia,Gomas Lápis de Morango,0.1,KG,1.19,13.22,€
2142,6546042,mercearia,Cereais Rice Krispies Arroz Tostado com Mel,0.34,KG,2.49,7.32,€
2143,7012784,mercearia,Massa Capellini,0.5,KG,1.78,3.56,€
2144,6157080,mercearia,Pasta Bolonhesa Pot,0.068,KG,2.3,33.82,€
2145,6555748,mercearia,Marinheiras sem Sal,0.2,KG,2.99,14.95,€
2146,5605508,mercearia,Noodles de Carne Banzai,0.067,KG,1.19,17.76,€
2147,5332697,mercearia,Massa Esparguete Quadri,0.5,KG,2.04,4.08,€
2148,2004041,mercearia,Café Moído Torrado Moagem Fina 5 Estrelas Lote Clássico Int 10,0.25,KG,3.99,15.96,€
2149,6691870,mercearia,Cápsulas de Café Ristretto Napoli Int 13,16.0,UN,6.49,0.41,€
2150,7191252,mercearia,Pipocas Manteiga Micro-ondas,0.09,KG,0.99,11.00,€
2151,7537034,mercearia,Cereais Cookie'z,0.65,KG,3.99,6.14,€
2152,4879485,mercearia,Creme de Cogumelos Selvagens Gourmet,0.061,KG,1.99,32.62,€
2153,7377445,mercearia,Asia Noodles Pot,0.065,KG,1.49,22.92,€
2154,6232704,mercearia,Gelatina em Pó Vegetal de Morango,0.18,KG,2.39,13.28,€
2155,6334054,mercearia,Chá Verde Suporte Imunidade Pyramid Saquetas,20.0,UN,2.09,0.10,€
2156,4018069,mercearia,Pastilhas Elásticas de Morango Super,0.032,KG,0.46,14.38,€
2157,7122632,mercearia,Feijão Encarnado Cozido,0.38,KG,1.19,4.76,€
2158,6905482,mercearia,Tortellini de Queijo,0.25,KG,3.84,15.36,€
2159,2014770,mercearia,Caldo de Peixe Cubos sem Glúten,8.0,KG,2.3,28.75,€
2160,5612687,mercearia,Chá English Breakfast Saquetas,25.0,UN,3.49,0.14,€
2161,2002232,mercearia,Molho Whisky Cocktail,0.25,KG,2.99,11.96,€
2162,7545586,mercearia,Bolachas Digestivas de Aveia com Chocolate de Leite Finas,0.15,KG,2.69,17.93,€
2163,7029229,mercearia,Miolo de Avelã com Pele,0.15,KG,2.65,13.25,€
2164,7637319,mercearia,Snack de Chocolate de Leite e Caramelo Kit Kat Chunky,0.174,KG,3.89,22.36,€
2165,7643343,mercearia,Palitos,0.4,KG,1.99,4.98,€
2166,6642314,mercearia,Muesli Crunchy,0.5,KG,2.59,5.18,€
2167,6643189,mercearia,Bolachas Cookie XL Alfarroba e Chocolate,0.18,KG,2.59,14.39,€
2168,2005828,mercearia,Fermento em Pó,0.113,KG,1.99,17.61,€
2169,4883569,mercearia,Ventresca de Atum em Azeite,0.115,KG,4.23,56.40,€
2170,7584004,mercearia,Bebida de Chocolate Solúvel sem Glúten,0.7,KG,6.99,9.99,€
2171,5944956,mercearia,Bolo FarciKao de Chocolate,0.28,KG,2.24,8.00,€
2172,6118233,mercearia,Flocos de Aveia Finos sem Glúten,0.4,KG,1.87,4.68,€
2173,6194459,mercearia,Cápsulas de Café Colômbia Int 8,10.0,UN,3.49,0.35,€
2174,2627765,mercearia,Snack de Chocolate de Leite,16.0,KG,3.39,16.95,€
2175,4407678,mercearia,Caldo de Galinha Natura,4.0,KG,2.49,22.23,€
2176,6322361,mercearia,Couscous Integral,0.5,KG,2.34,4.68,€
2177,6645289,mercearia,"Tortitas de Aveia, Arroz e Chocolate Negro",0.082,KG,2.44,29.76,€
2178,7088956,mercearia,Pastilhas Elásticas Oral-B Spearmint,0.017,KG,1.19,70.00,€
2179,4617467,mercearia,Sal Fino com Menos 33% Sódio,0.25,KG,1.99,7.96,€
2180,7338462,mercearia,Tablete de Chocolate 85% Cacau sem Glúten,0.1,KG,1.59,15.90,€
2181,2084048,mercearia,Cogumelos Inteiros sem Glúten,0.29,KG,1.39,8.97,€
2182,5911974,mercearia,Snack de Chocolate Negro 70% Cacau Kit Kat,3.0,KG,2.26,18.08,€
2183,3748953,mercearia,Maionese Magra Top Down sem Glúten,0.447,KG,3.69,8.26,€
2184,7543878,mercearia,Pasta de Azeitona Verde com Coentros,0.1,KG,1.69,16.90,€
2185,7646468,mercearia,Gomas Melancia,0.09,KG,1.39,15.44,€
2186,2003325,mercearia,Massinha Pevide,0.25,KG,0.8,3.20,€
2187,4968731,mercearia,Especiarias de Itália em Frasco sem Glúten,0.03,KG,2.16,72.00,€
2188,5736430,mercearia,Bolachas de Aveia,0.2,KG,3.19,15.95,€
2189,4657187,mercearia,Bolachas Recheadas com Chocolate Mega Duo,0.5,KG,2.49,4.98,€
2190,7013601,mercearia,Rebuçados Extra Strong,4.0,KG,2.99,23.36,€
2191,7237165,mercearia,Mix Frutos Secos Gourmet,0.05,KG,0.99,19.80,€
2192,5799153,mercearia,Tempero de Lima,0.125,LT,0.75,6.00,€
2193,4373763,mercearia,Chispalhada,0.42,KG,2.29,5.45,€
2194,5884950,mercearia,Tablete de Chocolate 92% Cacau com Açúcar de Coco,0.08,KG,3.09,38.63,€
2195,6231731,mercearia,Cápsulas de Café Encorpado Int 10,10.0,UN,1.89,0.19,€
2196,6819560,mercearia,Flocos Aveia Integral Finos,0.4,KG,1.29,3.23,€
2197,6904760,mercearia,Sal Branco do Mediterrâneo com Moínho,0.09,KG,4.49,49.89,€
2198,7003290,mercearia,Sementes de Girassol,0.2,KG,1.19,5.95,€
2199,7473299,mercearia,Manteiga de Amendoim sem Glúten,0.2,KG,2.99,14.95,€
2200,6820267,mercearia,Cornitas de Feijão Preto sem Glúten,0.09,UN,1.79,19.89,€
2201,6905484,mercearia,Tortellinni com Ricotta e Espinafres,0.25,KG,3.84,15.36,€
2202,2904708,mercearia,"Chá Preto, Pêssego e Manga Pyramid Saquetas",20.0,UN,1.89,0.09,€
2203,7241949,mercearia,Bolachas Cobertas Crunchy Bites,0.11,KG,1.99,18.09,€
2204,7301764,mercearia,Sal Fino Iodado,0.25,KG,0.79,3.16,€
2205,2227816,mercearia,Rebuçados de Mentol,0.25,KG,1.99,7.96,€
2206,7129462,mercearia,Pasta Pesto Pot,0.068,KG,2.3,33.82,€
2208,6709785,mercearia,Tortitas de Arroz Multicereais sem Glúten,0.13,KG,1.29,9.92,€
2209,4694946,mercearia,Bolachas de Água e Sal Integrais,0.186,KG,3.19,17.15,€
2210,7619621,mercearia,Bolacha Espelta e Maçã,0.1,KG,2.14,21.40,€
2211,7417743,mercearia,Alimento Lácteo Manga sem Glúten +6M,4.0,KG,2.79,6.97,€
2212,6217925,mercearia,Vinagre Balsâmico de Sidra,0.25,LT,1.99,7.96,€
2213,2001805,mercearia,Chupas Melody,4.0,KG,2.56,42.67,€
2214,2952997,mercearia,Noodles Atração de Queijo,0.07,KG,1.54,25.25,€
2215,5844901,mercearia,Salsichas Hot Dog em Frasco 8 un,0.65,KG,4.28,9.41,€
2216,6779102,mercearia,Cereais Chocapic,0.33,KG,3.34,10.12,€
2217,7029260,mercearia,Miolo de Amêndoa sem pele com Sal,0.2,KG,2.99,14.95,€
2218,6718374,mercearia,Wrap Cereais com Sementes,0.32,KG,1.64,5.12,€
2219,6869198,mercearia,Azeite Virgem Casto,0.75,LT,4.89,6.52,€
2220,2187573,mercearia,Massa Aletria,0.5,KG,1.12,2.24,€
2221,7436770,mercearia,Orégãos Folha em Frasco,0.008,KG,1.79,223.75,€
2222,6447738,mercearia,Pasta Tomate e Mozzarella Pot,0.072,KG,2.3,31.94,€
2223,5468975,mercearia,Bombons de Chocolate Sortidos de Chocolate com Recheio,0.2,KG,2.99,14.95,€
2224,5652739,mercearia,Bolos de Gema,0.2,KG,2.99,14.95,€
2225,7295667,mercearia,Patê com Ervas Finas,0.1,KG,2.39,23.90,€
2226,7330585,mercearia,Molho Madras,0.45,KG,2.91,6.47,€
2227,7375862,mercearia,Mel de Flores,0.35,KG,6.19,17.69,€
2228,7528063,mercearia,Croissant com Recheio de Chocolate,0.378,KG,2.94,7.78,€
2229,6836597,mercearia,Tablete de Chocolate de Leite Excellence,0.1,KG,2.99,29.90,€
2230,7003283,mercearia,Mix Frutos Secos Pequeno-Almoço,0.2,KG,3.19,15.95,€
2231,7442958,mercearia,Leite de Coco Light,0.4,LT,2.39,5.98,€
2232,7069342,mercearia,Cápsulas de Café Espresso Int 5,16.0,UN,5.49,0.34,€
2233,5907390,mercearia,Nestum Bolacha Maria +3A,0.25,KG,2.89,11.56,€
2234,7543880,mercearia,Pasta de Azeitona Verde,0.1,KG,1.69,16.90,€
2235,7246741,mercearia,Cápsulas de Galão,16.0,UN,3.65,0.23,€
2236,7071802,mercearia,Gelatina Pronta Amora sem Açúcar,0.4,KG,2.14,5.35,€
2237,5715888,mercearia,Bolachas Belgas Cobertas com Chocolate Branco,0.198,KG,2.29,11.57,€
2238,7408111,mercearia,Cápsulas de Café Leggero Int 6,16.0,UN,3.99,0.25,€
2239,4321699,mercearia,Gelatina Pronta Vegetal Coco,0.13,KG,1.08,8.31,€
2240,4613405,mercearia,Arroz Agulha Pronto a Comer sem Glúten,2.0,KG,1.45,5.80,€
2241,6522770,mercearia,Sal Rosa dos Himalaias Fino,0.5,KG,1.79,3.58,€
2242,7649337,mercearia,Caldo de Galinha com Azeite Virgem Extra Cubos,8.0,KG,2.49,31.13,€
2243,6988352,mercearia,Mix Quinoa,0.4,KG,3.49,8.73,€
2244,5586196,mercearia,Patê de Frango,0.125,KG,1.19,9.52,€
2245,7110625,mercearia,Açúcar de Coco,0.5,KG,3.99,7.98,€
2246,4878827,mercearia,Doce Marmelo Sucralose,0.4,KG,3.29,8.23,€
2247,6296555,mercearia,Cápsulas de Café Au Lait Intenso,16.0,UN,6.49,0.41,€
2248,7135307,mercearia,Cápsulas de Café Espresso Barista Int 13,10.0,UN,3.39,0.34,€
2249,2564601,mercearia,Bolo com Recheio de Chocolate de Leite,0.228,KG,2.19,9.61,€
2250,6708057,mercearia,Sal Rosa dos Himalaias Fino,0.5,KG,2.19,4.38,€
2251,7412242,mercearia,Café Solúvel Gold,0.2,KG,4.79,23.95,€
2252,2223649,mercearia,Leite de Coco,0.4,LT,2.25,5.63,€
2253,7327118,mercearia,Gomas Colas Brilho sem Glúten,0.3,KG,1.49,4.97,€
2254,5885081,mercearia,Tablete de Chocolate 75% Cacau com Açúcar de Coco,0.08,KG,3.09,38.63,€
2255,5245102,mercearia,Flocos Aveia Grossos Integral,0.4,KG,1.19,2.98,€
2256,6119202,mercearia,Massa Penne Integral,0.5,KG,2.0,4.00,€
2257,3896845,mercearia,Molho Inglês,0.12,LT,1.69,14.08,€
2258,2005318,mercearia,Bombons de Chocolate com Menta sem Glúten,0.2,KG,2.89,14.45,€
2259,6837211,mercearia,Açúcar Branco 50 Sticks,0.2,KG,0.99,4.95,€
2260,7368485,mercearia,Sardinha em Óleo Vegetal,0.12,KG,0.89,10.47,€
2261,2802808,mercearia,Infusão Maçã e Canela Pyramid Saquetas,20.0,UN,2.09,0.10,€
2262,2003475,mercearia,Salsa Folha em Saqueta,0.006,KG,1.29,215.00,€
2263,6856613,mercearia,Cápsulas de Café India,10.0,UN,3.49,0.35,€
2264,7368471,mercearia,Sardinha em Tomate,0.12,KG,0.89,10.47,€
2265,4405438,mercearia,Bolachas Digestivas Integral,0.4,KG,2.99,7.48,€
2266,2168282,mercearia,Snack de Chocolate com Biscoito e Caramelo,3.0,KG,1.79,11.93,€
2267,7501636,mercearia,Papa Infantil Farinha Láctea 8 Cereais 4 Frutas +6M,0.25,KG,3.29,13.16,€
2268,4812548,mercearia,Chá Cidreira Planta,0.05,KG,1.75,35.00,€
2269,4153763,mercearia,Gelatina 5 Folhas,0.009,KG,0.94,104.44,€
2270,2601429,mercearia,Bolachas de Fibra Integrais Diet Nature,0.15,KG,3.19,18.76,€
2271,3064565,mercearia,Azeite Virgem Extra Seleção Azeitonas Maduras,0.75,LT,6.21,8.28,€
2272,6156780,mercearia,Pasta Carbonara Pot,0.062,KG,2.3,37.10,€
2273,5915243,mercearia,Café Moído Torrado Moagem Universal India Int 4,0.22,UN,1.99,9.05,€
2274,3907033,mercearia,Sardinha em Tomate Picante,0.12,KG,1.09,12.11,€
2275,2003322,mercearia,Massa Macarrão Grande Estriado,0.5,KG,1.5,3.00,€
2276,5637232,mercearia,Cápsulas de Cevada Cereais Pure,10.0,UN,3.49,0.35,€
2277,7473442,mercearia,Barra Banana sem Glúten,0.035,KG,1.29,36.86,€
2278,6447135,mercearia,Tablete de Chocolate com Amêndoa 70% Cacau,0.2,KG,3.29,16.45,€
2279,2811336,mercearia,Bolachas Cracker Integrais,0.5,KG,3.54,7.08,€
2280,6615626,mercearia,Cereais Pétalas de Chocolate,0.375,KG,1.69,4.51,€
2281,6290306,mercearia,Bolachas de Chocolate com Recheio Brownie,0.154,KG,1.79,11.62,€
2282,2572393,mercearia,Barras de Cereais Nesquik,0.15,KG,1.99,13.27,€
2283,6055320,mercearia,Molho de Iogurte Top Down,0.275,LT,1.39,5.05,€
2284,4405440,mercearia,Bolachas Digestivas com Chocolate Preto,0.3,KG,3.49,11.63,€
2285,5072256,mercearia,Snack  de Chocolate com Caramelo,3.0,KG,1.79,13.26,€
2286,5474894,mercearia,Bolachas Mini Shortcake,0.12,KG,1.39,11.58,€
2287,6989540,mercearia,Cápsulas de Café House Blend Int 8,10.0,UN,3.89,0.39,€
2288,2003327,mercearia,Massinha Bagos,0.25,KG,0.8,3.20,€
2289,7410206,mercearia,Caldo de Galinha Cubos,36.0,KG,7.39,20.53,€
2290,5505679,mercearia,Cápsulas de Café Double Int 13,10.0,UN,4.59,0.46,€
2291,5785793,mercearia,Bolachas com Recheio de Baunilha,0.5,KG,1.59,3.18,€
2292,3040640,mercearia,Arroz Thai Perfumado,2.5,KG,7.72,3.09,€
2293,7214631,mercearia,Cápsulas de Café Vietname Int 11,10.0,UN,2.29,0.23,€
2294,5762886,mercearia,Cappuccino Solúvel Intenso,10.0,UN,2.29,0.23,€
2295,6148920,mercearia,Café Moído Torrado Moagem Universal Origins Vietnam Int 8,0.22,KG,2.59,11.77,€
2296,4017382,mercearia,Rebuçados de Mentol sem Glúten,0.25,KG,2.19,8.76,€
2297,7382405,mercearia,Farinha de Espelta Integral,1.0,KG,1.99,1.99,€
2298,5888631,mercearia,Bolachas de Chocolate com Recheio de Cheesecake de Morango,0.154,KG,1.79,11.62,€
2299,7557692,mercearia,Farinha de Trigo T65 Pack Poupança,5.0,KG,4.19,0.84,€
2300,7413147,mercearia,Puré de Fruta Pera +4M,4.0,KG,2.89,7.61,€
2301,7629043,mercearia,Barras de Chocolate e Caramelo Salgado com Cafeína,0.11,KG,2.69,24.45,€
2302,6654470,mercearia,Feijão Manteiga,0.5,KG,1.19,2.38,€
2303,2603565,mercearia,Refeição para Bebé Arroz de Tomate e Frango +6M,0.2,KG,2.22,11.10,€
2304,6683276,mercearia,Cereais Froot Loops,0.375,KG,2.49,6.64,€
2305,6709787,mercearia,Tortitas de Milho Multicereais sem Glúten,0.13,KG,1.29,9.92,€
2306,7130068,mercearia,Infusão Laranja e Toranja Pyramid Saquetas,20.0,UN,1.49,0.07,€
2307,2003405,mercearia,Orégãos Folha em Saqueta,0.008,KG,1.09,136.25,€
2308,2348960,mercearia,Rebuçados de Morango,4.0,KG,2.99,23.36,€
2309,7390491,mercearia,Caldo para Arroz Cubos,12.0,KG,0.99,8.25,€
2310,4360958,mercearia,Salsichas Frankfurt Original,0.14,KG,1.39,9.93,€
2311,6813396,mercearia,Doce de Pêssego,0.24,KG,3.29,13.71,€
2312,6786464,mercearia,Mel Queiró Castanheiro,0.5,KG,6.39,12.78,€
2313,5865223,mercearia,Cápsulas de Café Qharisma Int 12,10.0,UN,4.19,0.42,€
2314,7578152,mercearia,Bolachas Rosquilhas Tradicionais,0.3,KG,2.19,7.30,€
2315,2917206,mercearia,Adoçante 100 Sticks,100.0,KG,2.44,24.40,€
2316,4871954,mercearia,Café Solúvel Clássico,0.1,KG,1.99,19.90,€
2317,4374096,mercearia,Massa Fusilli Parmesana,0.15,KG,1.49,9.93,€
2318,4363342,mercearia,Barras de Cereais Chocolate Negro Sarialis sem Glúten,0.1,KG,3.5,34.31,€
2319,7659174,mercearia,Gomas Regaliz Pica,0.35,KG,2.99,8.54,€
2320,6645546,mercearia,Caril,0.036,KG,2.54,70.56,€
2321,6161840,mercearia,Molho Barbecue Clássico Top Down,0.48,KG,4.59,9.56,€
2322,6894134,mercearia,Creme de Abóbora com Noz-Moscada,0.064,KG,1.99,31.09,€
2323,4233324,mercearia,Patê de Atum Bocadelia,0.18,KG,3.19,17.72,€
2324,7408143,mercearia,Cápsulas de Café Colômbia Int 7,10.0,UN,2.79,0.28,€
2325,6079541,mercearia,Cápsulas de Café Lungo Int 6,16.0,UN,6.49,0.41,€
2326,7235849,mercearia,Manteiga de Amendoim 100% Pedaços sem Glúten,0.34,KG,1.79,5.26,€
2327,7720581,mercearia,Tortitas de Arroz Proteicas com Chocolate Preto,0.096,KG,2.29,23.85,€
2328,6995362,mercearia,Bolachas Recheio de Laranja Cobertura Chocolate,0.147,KG,2.29,15.58,€
2329,6515409,mercearia,Bolachas de Chocolate com Recheio de Creme e Pepitas Coloridas Birthday Party,0.154,KG,1.79,11.62,€
2330,2003528,mercearia,Polta Tomate,0.21,KG,0.68,3.24,€
2331,7545442,mercearia,Bolacha Coberta Chocolate com Recheio Laranja,0.15,KG,2.29,15.27,€
2332,7405441,mercearia,Cápsulas de Café Comendador Int 10,10.0,UN,4.59,0.46,€
2333,2000022,mercearia,Farinha para Molhos Express sem Glúten,0.25,KG,2.08,8.32,€
2334,2634420,mercearia,Massa Esparguete com Vegetais,0.5,KG,1.67,3.34,€
2335,6910833,mercearia,Creme de Cogumelos,0.075,KG,0.89,11.87,€
2336,7553755,mercearia,Bebida de Chocolate Solúvel sem Glúten,0.39,KG,4.29,11.00,€
2337,5037731,mercearia,Tortitas de Milho Mini Receita Mediterrânea sem Glúten,0.07,KG,1.89,27.00,€
2338,4036391,mercearia,Vinagre de Vinho Tinto,0.5,LT,1.03,2.06,€
2339,5491726,mercearia,Gelatina em Pó de Limão,0.031,KG,2.09,67.42,€
2340,7241948,mercearia,Bolachas Cookies Mini Pepitas de Chocolate,0.11,KG,1.99,18.09,€
2341,4536951,mercearia,Adoçante Líquido,0.125,LT,2.29,18.32,€
2342,2443821,mercearia,Leite Condensado,0.397,KG,2.29,5.77,€
2343,7551409,mercearia,Folhas de Lasanha Frescas,0.25,UN,1.99,1.99,€
2344,7132218,mercearia,Azeite Virgem Extra Suave,0.75,LT,6.35,8.47,€
2345,2727930,mercearia,Snacks Milho Tex-Mex Queijo,0.12,KG,1.39,11.58,€
2346,7399255,mercearia,Bolachas Marinhas Naturais,0.2,KG,2.39,11.95,€
2347,3039612,mercearia,Azeite Virgem Extra Clássico,0.25,LT,2.48,9.92,€
2348,3646771,mercearia,Infusão Cidreira Saquetas,10.0,UN,0.84,0.08,€
2349,4363336,mercearia,Tortitas de Milho Mini,0.1,KG,1.89,18.90,€
2350,7251776,mercearia,Bolachas Cracker 5 Cereais,0.15,KG,2.29,15.27,€
2351,7399131,mercearia,Cereais Estrelinhas de Manga e Abóbora +12M,0.125,KG,2.99,23.92,€
2352,5611049,mercearia,Tablete de Chocolate Negro com Flor de Sal,0.1,KG,1.99,19.90,€
2353,7075929,mercearia,Cápsulas de Café Ricoré Latte,16.0,UN,5.19,0.32,€
2354,2799162,mercearia,Bolachas de Gengibre,0.15,KG,2.74,18.27,€
2355,2184364,mercearia,Salada de Frutas em Calda,0.84,KG,5.49,11.44,€
2356,7412422,mercearia,Bolachas Mini Cookies Zero,0.12,KG,1.79,14.92,€
2357,6039919,mercearia,Massa Espirais Fusilli,1.0,KG,1.65,1.65,€
2358,5740702,mercearia,Ferradura de Erva Doce e Canela,0.25,KG,2.09,8.36,€
2359,4371632,mercearia,Papa Infantil Láctea Banana e Laranja +6M,0.25,KG,3.19,12.76,€
2360,7619942,mercearia,Granola Aveia e Chocolate Negro,0.32,KG,2.74,8.56,€
2361,7720584,mercearia,Barra Proteína Caramelo Zero,0.04,KG,1.39,34.75,€
2362,4502989,mercearia,Massa Esparguete Picante,0.5,KG,2.53,5.06,€
2363,fooddoritostexmexlayscones,mercearia,Cones e Triângulos cheios de sabor,1.0,UN,2.68,2.68,€
2364,fooddoritostexmexcheetosfutebolas,mercearia,Os Favoritos de Milho e Queijo,1.0,UN,3.38,3.38,€
2365,foodlaysgourmet,mercearia,Lay's Corte Goumet,1.0,UN,5.38,5.38,€
2366,6813247,mercearia,Mel de Rosmaninho Urso,0.34,KG,4.99,14.68,€
2367,6930791,mercearia,Caldo de Carne Cubos menos 30% Sal,8.0,KG,2.49,31.13,€
2368,6046641,mercearia,Canela Moída em Frasco,0.04,KG,0.59,14.75,€
2369,7447290,mercearia,Mel de Flores 100% Português,0.3,KG,2.79,9.30,€
2370,2466102,mercearia,Massa Espirais,0.5,KG,1.38,2.76,€
2371,4373779,mercearia,Sopa da Pedra,0.42,KG,2.49,5.93,€
2372,6428132,mercearia,Salsichas Aves,0.36,KG,3.39,9.42,€
2373,2408351,mercearia,Bolachas Cookies Pepitas de Chocolate,0.128,KG,1.99,15.55,€
2374,7376269,mercearia,Gelatina Morango Gelli Pocket Saqueta,0.085,KG,0.85,10.00,€
2375,2003920,mercearia,Farinha de Trigo Extra Fina,1.0,KG,1.49,1.49,€
2376,5944970,mercearia,Bolo Farci de Morango,0.28,KG,2.24,8.00,€
2377,7625855,mercearia,Flocos Aveia Grossos,1.0,KG,2.69,2.69,€
2378,6987112,mercearia,Caramelos de Fruta,0.25,KG,1.49,5.96,€
2379,2003260,mercearia,Granulado Soja,0.4,KG,1.89,4.73,€
2380,7128715,mercearia,Flocos Aveia Finos Integral,0.4,KG,0.79,1.98,€
2381,7158972,mercearia,Granola All Bran Amêndoa e Sementes de Abóbora,0.38,KG,5.19,13.66,€
2382,6403754,mercearia,Especiarias para Frango no Forno em Frasco,0.073,KG,2.16,29.59,€
2383,7414085,mercearia,Vinagre de Fruta,0.5,LT,0.45,0.90,€
2384,2003588,mercearia,Muesli,0.56,KG,4.48,8.00,€
2385,2368307,mercearia,Cogumelos Laminados sem Glúten,0.185,KG,0.79,7.52,€
2386,2798139,mercearia,Azeite Virgem Extra Premium Gourmet,0.5,LT,6.59,13.18,€
2387,4846959,mercearia,Bolachas Maria sem Glúten,0.38,KG,2.67,7.03,€
2388,5017299,mercearia,Pipocas Doces Coloridas,0.1,KG,0.99,9.90,€
2389,5046422,mercearia,Vinagre de Sidra Spray,0.25,LT,1.49,5.96,€
2390,2004752,mercearia,Café Mistura Peninsular Torrada Moída,0.25,KG,1.89,7.56,€
2391,7682252,mercearia,Alimento Lácteo Natural +6M,4.0,KG,3.44,9.56,€
2392,6364869,mercearia,Drops Sabor a Fruta,0.25,KG,1.49,5.96,€
2393,5762882,mercearia,Cappuccino Solúvel Clássico,10.0,UN,2.29,0.23,€
2394,2621897,mercearia,Infusão Noite Tranquila Saquetas,20.0,UN,2.09,0.10,€
2395,7445579,mercearia,Mix Caju e Arandos Pack Poupança,4.0,KG,2.99,14.95,€
2396,7573122,mercearia,Tablete de Chocolate de Leite Fruit & Nut,0.18,KG,3.99,22.17,€
2397,7466372,mercearia,Tablete de Chocolate Culinária Caramelo e Sal sem Glúten,0.2,KG,2.24,11.20,€
2398,7550538,mercearia,Cereais Krave Chocolate e Avelã,0.41,KG,2.89,7.05,€
2399,7331147,mercearia,Waffle com Açúcar,0.115,KG,1.19,10.35,€
2400,4879596,mercearia,Estragão Folha em Frasco,0.005,KG,1.99,398.00,€
2401,2439017,mercearia,Polpa de Manga,0.85,KG,4.29,5.05,€
2402,4893530,mercearia,Snacks Milho Palitos Sabor Ketchup,0.096,KG,1.99,20.73,€
2403,7130119,mercearia,Tortitas de Milho Doses sem Glúten,0.096,KG,0.99,10.31,€
2404,7535545,mercearia,Pastilhas Elásticas Oral-B White Spearmint,0.068,KG,3.49,51.32,€
2405,5429761,mercearia,Cereais Corn Flakes Go Free sem Glúten,0.375,KG,2.44,6.51,€
2406,6956610,mercearia,Bolachas Vitalday Crocante Tradicional,0.28,KG,2.59,9.25,€
2407,5498832,mercearia,Arroz Risotto Arbório,0.5,KG,1.78,3.56,€
2408,7708601,mercearia,Tortitas de Milho Slim Natural sem Glúten,0.1,KG,1.49,14.90,€
2409,7384319,mercearia,Café em Grão Torrado Colômbia Int 5,0.22,KG,2.59,11.77,€
2410,7029223,mercearia,Macadâmias ao Natural,0.125,KG,3.99,31.92,€
2411,7421306,mercearia,Bolachas com Recheio de Chocolate,0.5,KG,1.59,3.18,€
2412,7520099,mercearia,Molho de Soja sem Glúten,0.15,LT,4.23,28.20,€
2413,2004436,mercearia,Farinha de Trigo Fina T65,1.0,KG,1.89,1.89,€
2414,2003383,mercearia,Pimenta Branca com Moínho em Frasco,0.039,KG,2.89,74.10,€
2415,4817086,mercearia,Chá Verde Folhas,0.1,KG,2.79,27.90,€
2416,7140422,mercearia,Doce Pêssego,0.28,KG,2.99,10.68,€
2417,7639737,mercearia,Cápsulas de Café Ecuator Bold Int 12,10.0,UN,3.49,0.35,€
2418,6338225,mercearia,Bolachas Aveia,0.25,KG,2.99,11.96,€
2419,2211103,mercearia,Manteiga de Amendoim Cremosa sem Glúten,0.34,KG,2.99,8.79,€
2420,4036442,mercearia,Sal Marinho Iodado,1.0,KG,0.99,0.99,€
2421,6435871,mercearia,Bolachas Belgas Chocolate e Laranja,0.198,KG,2.29,11.57,€
2422,7741151,mercearia,Café Solúvel Clássico Refill,0.15,KG,4.49,29.93,€
2423,7476468,mercearia,Amendoim Frito com Mel e Sal Pack Poupança,5.0,KG,2.99,11.96,€
2424,7466367,mercearia,Pepitas de Chocolate 70% Cacau sem Glúten,0.2,KG,2.59,12.95,€
2425,7682249,mercearia,Alimento Lácteo Pêra e Banana +6M,4.0,KG,3.65,10.14,€
2426,7251806,mercearia,Tablete de Chocolate Culinária 52%,0.2,KG,2.39,11.95,€
2427,7649153,mercearia,Barra Crua de Amendoim sem Glúten,0.14,KG,4.49,32.07,€
2428,2144942,mercearia,Mostarda L'Ancienne em Vidro,0.21,KG,3.99,19.00,€
2429,7414084,mercearia,Pota em Azeite,0.12,KG,1.59,22.08,€
2430,7469586,mercearia,Canja de Galinha,0.068,KG,0.89,13.09,€
2431,3809468,mercearia,Amêndoa em Pó,0.125,KG,4.49,35.92,€
2432,7188269,mercearia,"Tortitas Vitalday de Arroz, Chocolate e Framboesa sem Glúten",0.12240000000000001,KG,2.89,27.79,€
2433,5316690,mercearia,Drageias de Fruta sem Glúten,0.12,KG,2.4,20.00,€
2434,7523645,mercearia,Doce de Abóbora,0.25,KG,2.79,11.16,€
2435,7430655,mercearia,Pastilhas Elásticas Oral-B Spearmint,0.068,KG,3.49,51.32,€
2436,6360675,mercearia,Doce Extra Gila,0.375,KG,2.39,6.37,€
2437,7504704,mercearia,Drageias de Chocolate,0.1485,KG,2.99,20.20,€
2438,5637228,mercearia,Cápsulas de Café Qharacter Int 9,40.0,UN,13.99,0.35,€
2439,6640215,mercearia,Gelatina 5 Folhas,0.007,KG,0.59,65.56,€
2440,7412245,mercearia,Cevada,0.2,KG,1.99,9.95,€
2441,7394721,mercearia,Flocos de Aveia Grossos sem Glúten,0.4,KG,1.87,4.68,€
2442,4968421,mercearia,Milho para Pipocas,0.4,KG,1.39,3.48,€
2443,5799367,mercearia,Pastilhas Elásticas Fresh Mint,0.06,KG,2.95,49.17,€
2444,7101281,mercearia,Gelatina em Pó Tropical,0.114,KG,1.99,17.46,€
2445,6881334,mercearia,Bolachas Amálias com Arandos e Chocolates,0.2,KG,4.99,24.95,€
2446,7132080,mercearia,Granola Chocolate,0.3,KG,4.57,15.23,€
2447,7399258,mercearia,Bolachas Marinhas Integrais,0.2,KG,2.39,11.95,€
2449,5895732,mercearia,Grão de Bico,0.5,KG,3.0,6.00,€
2450,7652094,mercearia,Mistura de Ervas Aromáticas para Saladas em Saqueta,0.03,KG,3.39,113.00,€
2451,4018164,mercearia,Bolachas Tostadas,0.8,KG,3.34,4.18,€
2452,7472310,mercearia,Coentros Grão em Frasco,0.022,KG,2.39,108.64,€
2453,7062756,mercearia,Sabores do Mediterrâneo,0.25,KG,2.29,9.16,€
2454,6334057,mercearia,Chá Verde Bring the Boost Pyramid Saquetas,20.0,UN,2.09,0.10,€
2455,5380041,mercearia,Barra de Sésamo e Mel sem Glúten,0.04,KG,0.69,17.25,€
2456,7442957,mercearia,Leite de Coco 17% Gordura,0.4,LT,2.89,7.23,€
2457,7252430,mercearia,Tablete de Chocolate Negro Excellence 90% Cacau,0.1,KG,3.49,34.90,€
2458,4439881,mercearia,Pastilhas Elástica de Peppermint,4.0,KG,1.59,18.07,€
2459,5129565,mercearia,Maçã Verde Desidratada,0.06,KG,1.99,33.17,€
2460,7539067,mercearia,Cápsulas de Café Descafeinado Int 7,10.0,UN,4.29,0.43,€
2461,7514305,mercearia,Batata Frita Lisa Sabor Camponesa,0.15,KG,1.19,7.93,€
2462,4272996,mercearia,Farinha para Pão de Sementes,1.0,KG,1.99,1.99,€
2463,6830347,mercearia,Puré de Maçã para Sobremesas,0.73,KG,3.59,4.92,€
2464,4417066,mercearia,Bolachas Choco Flakes Callejeros,0.25,KG,2.24,8.96,€
2465,7626089,mercearia,Muesli Frutos Secos e Mel,0.5,KG,4.99,9.98,€
2466,5874435,mercearia,Tablete de Chocolate de Leite com Amêndoa Extrafino sem Glúten,0.123,KG,2.19,17.80,€
2467,6715873,mercearia,Doce Abóbora e Noz,0.25,KG,2.39,9.56,€
2468,5884891,mercearia,Massa Esparguete Integral,0.5,KG,2.5,5.00,€
2469,7632881,mercearia,Vinagre de Arroz,0.2,LT,1.49,7.45,€
2470,5973945,mercearia,Massa Lasanha,0.4,KG,1.31,3.27,€
2471,6882562,mercearia,Café Moído Torrado Moagem Universal Masaka Uganda Int 11,0.22,KG,4.49,20.41,€
2472,7094365,mercearia,Crackies de Arroz Integral Sabor Iogurte e Chocolate Branco sem Glúten,0.13,KG,2.42,18.62,€
2473,7740941,mercearia,Cápsulas de Café Colômbia Int 9,10.0,UN,3.69,0.37,€
2474,3065489,mercearia,Infusão Menta e Especiarias Morroco Pyramid Saquetas,20.0,UN,2.09,0.10,€
2475,5340760,mercearia,Bolachas Tosta Rica,0.57,KG,3.99,7.00,€
2476,7519502,mercearia,Tablete de Chocolates Individuais 60% Cacau,0.1,KG,2.99,29.90,€
2477,3749297,mercearia,Bolachas Maria,0.35,KG,2.99,8.54,€
2478,6479656,mercearia,Massa Lasanha sem Glúten,0.25,KG,3.57,14.28,€
2479,6865895,mercearia,Bolo com Cacau,3.0,KG,1.49,8.28,€
2480,5714928,mercearia,Açúcar Mascavado com Stevia,0.5,KG,3.45,6.90,€
2481,6905468,mercearia,Tortellini de Carne,0.25,KG,3.84,15.36,€
2482,7386210,mercearia,Tablete Chocolate 70% Cacau sem Glúten,0.1,KG,1.49,14.90,€
2483,7680193,mercearia,Tablete de Chocolate de Leite com Caramelo Salgado,0.125,KG,2.99,23.92,€
2484,6557350,mercearia,Bebida Cereais e Fibra Solúvel,0.2,UN,2.44,12.20,€
2485,2004718,mercearia,Bebida Cereais Cevada e Chicória com Café,0.2,KG,4.19,20.95,€
2486,6917671,mercearia,Noodles Yakitori Galinha Soba Pot,0.09,KG,1.79,20.11,€
2487,4706917,mercearia,Sopa de Tomate,0.085,KG,1.59,18.71,€
2488,6655127,mercearia,Cápsulas de Café Honduras Int 9,10.0,UN,2.39,0.24,€
2489,2293581,mercearia,Batata Frita Originais,0.045,KG,1.09,24.22,€
2490,2703789,mercearia,Barras de Cereais Fitness,0.141,KG,1.99,14.11,€
2491,5799770,mercearia,Molho Vinagrete,0.25,LT,2.07,8.28,€
2492,2718610,mercearia,Cereais Corn Flakes,0.375,KG,3.19,8.51,€
2493,7144489,mercearia,Snack de Chocolate Salted Caramel,0.046,KG,0.86,18.70,€
2494,7421660,mercearia,Vinagre de Sidra Hortelã,0.25,LT,2.15,8.60,€
2495,7154926,mercearia,Papa Infantil Trigo e Frutas Pequeno Almoço +12M,0.375,KG,2.99,7.97,€
2496,2779099,mercearia,Café Solúvel Clássico,0.2,KG,6.99,34.95,€
2497,7418430,mercearia,Bolachas Digestivas de Aveia e Chocolate de Leite,0.2,KG,3.59,17.95,€
2498,6930618,mercearia,Salsichas de Aves Hot Dog Frasco 4 un sem Glúten,0.707,KG,2.99,14.24,€
2499,4951044,mercearia,Doce Morango,0.25,KG,3.79,15.16,€
2500,6831338,mercearia,Cebolinho,0.004,KG,2.01,502.50,€
2501,4768568,mercearia,Gomas Tijolos Brancos sem Glúten,0.15,KG,1.91,12.73,€
2502,7408103,mercearia,Cápsulas de Café Decaffeinato Int 5,16.0,UN,3.99,0.25,€
2503,6715897,mercearia,Doce Tomate,0.25,KG,2.39,9.56,€
2504,5687470,mercearia,Bolachas Wafers de Limão Cubos,0.125,KG,1.69,13.52,€
2505,7410907,mercearia,Bicarbonato de Sódio Alimentar,0.25,KG,1.09,4.36,€
2506,7341159,mercearia,Bolachas Cookie e Choco Milka,0.135,KG,2.29,16.96,€
2507,7029263,mercearia,Miolo de Amendoim Cru,0.2,KG,0.99,4.95,€
2508,7023726,mercearia,Ervilhas sem Glúten,0.481,KG,2.49,9.96,€
2509,4501116,mercearia,Rebuçados Peitorais,0.2,KG,1.99,9.95,€
2510,5781967,mercearia,Papa Infantil Farinha Láctea com Cereais +6M,1.0,KG,4.99,4.99,€
2511,7212170,mercearia,Pimentão Doce Fumado em Frasco,0.045,KG,0.99,22.00,€
2512,7328696,mercearia,"Drageias Limão, Menta e Cidreira",0.03,KG,2.3,76.67,€
2513,7615754,mercearia,Snack para Bebé Cereais com Farinha de Amendoim +12M,0.035,KG,2.35,67.14,€
2514,2465995,mercearia,Massa Aletria,0.5,KG,1.38,2.76,€
2515,5423139,mercearia,Salsichas Aves com Queijo,0.15,KG,1.29,8.60,€
2516,7371328,mercearia,Molho Suave Dippea Hasta El Final,0.28,KG,2.09,7.46,€
2517,5507169,mercearia,Sal Marinho Fino,0.25,KG,0.99,3.96,€
2518,7632039,mercearia,Patê com Mel,0.11,KG,1.99,18.09,€
2519,2004015,mercearia,Bebida Cereais e Fibra,0.2,KG,2.59,12.95,€
2521,7003284,mercearia,Sementes de Chia,0.2,KG,1.99,9.95,€
2522,7501657,mercearia,Papa Infantil Farinha Láctea 8 Cereais e Mel +6M,0.25,KG,3.29,13.16,€
2523,4653456,mercearia,Patê de Sardinha,0.075,KG,1.65,22.00,€
2524,4114224,mercearia,Sombrinhas de Chocolate,0.035,KG,1.69,48.29,€
2525,7441371,mercearia,Bebida de Chocolate Solúvel,0.5,KG,3.99,7.98,€
2526,4389791,mercearia,Tablete de Chocolate Daim,0.1,KG,1.74,17.40,€
2527,7224123,mercearia,Barras de Cereais Frutos Vermelhos Linha,0.138,KG,2.25,16.30,€
2528,7388832,mercearia,Azeite Virgem Extra,0.5,LT,8.95,17.90,€
2529,5394596,mercearia,Infusão Cidreira e Mel Saquetas,10.0,UN,1.09,0.11,€
2530,6306406,mercearia,Cavalinha em Óleo,0.12,KG,1.34,17.18,€
2531,7178385,mercearia,Barras Cruas de Maçã e Canela,0.105,KG,1.99,18.95,€
2532,7426276,mercearia,Nestum Mel e Cereais Integrais +3A,0.6,KG,4.99,8.32,€
2533,7264184,mercearia,Bacalhau em Azeite e Alho,0.12,KG,4.15,51.88,€
2534,6903629,mercearia,Sal Rosa dos Himalaias com Moinho,0.09,KG,4.49,49.89,€
2535,3835573,mercearia,Pastéis de Feijão,0.35,KG,2.59,7.40,€
2536,6652547,mercearia,Papa Infantil Farinha Láctea Multifrutos +6M,0.25,KG,2.49,9.96,€
2537,6180424,mercearia,Chocolate de Leite Lindor Stick,0.038,KG,1.49,39.21,€
2538,6395064,mercearia,Saqueta de Fruta Maçã e Pêssego +3A,0.09,KG,0.83,9.22,€
2539,6301601,mercearia,Nestlé Sobremesas Tablete de Chocolate Culinária 70% sem Glúten,0.17,KG,2.59,15.24,€
2540,7463422,mercearia,Miolo de Amêndoa Torrada com Pele,0.2,KG,4.99,24.95,€
2541,5063727,mercearia,Pastilhas de Café Moído Torrado Lote Chávena Int 12,16.0,UN,3.79,0.24,€
2542,7386766,mercearia,Rebuçados Mini Mints Halls Citrus,0.0125,KG,1.29,107.50,€
2543,6930641,mercearia,Café Solúvel Creme,0.08,KG,3.99,49.88,€
2544,5177128,mercearia,Granola,0.3,KG,4.49,14.97,€
2545,6262018,mercearia,"Quinoa Gourmet, Bulgur e Massa",0.4,KG,4.59,11.48,€
2546,2480468,mercearia,Ketchup Squeezable sem Glúten,0.342,KG,2.43,7.11,€
2547,7741165,mercearia,Cápsulas de Café Caramelo,10.0,UN,3.89,0.39,€
2548,2004740,mercearia,Bolo com Recheio de Chocolate,0.057,KG,0.69,12.11,€
2549,2003656,mercearia,Sardinha em Óleo,0.12,KG,0.74,8.81,€
2550,5491876,mercearia,Gelatina em Pó de Ananás,0.031,KG,2.09,67.42,€
2551,2004882,mercearia,Leite Condensado Tradicional,0.37,KG,2.04,5.51,€
2552,7228927,mercearia,Infusão Hibisco Saquetas,10.0,UN,1.59,0.16,€
2553,5311979,mercearia,Azeite Virgem Extra Spray,0.2,LT,2.44,12.20,€
2554,7546947,mercearia,Cereais Bolinhas de Mel,0.3,KG,3.59,11.97,€
2555,2232429,mercearia,Flocos de Aveia,0.4,KG,3.09,7.73,€
2556,5053383,mercearia,Fermento de Padeiro,4.0,KG,1.89,42.95,€
2557,4962053,mercearia,Salsichas de Soja Cocktail Frasco,0.32,KG,2.79,15.50,€
2559,2014341,mercearia,Bolachas Wafers com Recheio de Limão,0.15,KG,1.99,13.27,€
2560,3750102,mercearia,Bolachas Wafers Quadratini com Recheio de Chocolate Negro,0.25,KG,3.39,13.56,€
2561,2925070,mercearia,Pastilhas Elásticas de Morango,1.0,KG,0.99,61.88,€
2562,6308764,mercearia,Snack de Chocolate de Leite Mini,0.12,KG,2.49,20.75,€
2563,6779099,mercearia,Cereais Cheerios,0.33,KG,3.34,10.12,€
2564,7637318,mercearia,Snack de Chocolate de Leite e Caramelo Kit Kat Chunky,0.0435,KG,1.1,25.58,€
2565,6917659,mercearia,Noodles Chili Soba,0.111,KG,1.26,11.35,€
2566,7178386,mercearia,Barras Cruas de Cacau e Avelã sem Glúten,0.105,KG,1.99,18.95,€
2567,7101279,mercearia,Gelatina em Pó de Limão,0.114,KG,1.99,17.46,€
2569,7073670,mercearia,Bolachas Cards,0.131,KG,2.65,20.23,€
2570,7334040,mercearia,Refeição para Bebé Creme de Abóbora e Batata +6M,0.19,KG,1.99,10.47,€
2571,5919730,mercearia,"Cápsulas de Café Embalagem Int 14, 12, 10",40.0,UN,13.99,0.35,€
2572,7646685,mercearia,Bolachas de Chocolate Tosta Rica,0.21,KG,2.89,13.76,€
2573,7388326,mercearia,"Saqueta Banana, Pera, Laranja e Aveia",0.12,KG,1.85,15.42,€
2574,7641677,mercearia,Bolacha Donuts com Recheio,0.133,KG,1.59,11.95,€
2575,7448543,mercearia,Sopa Rabo de Boi,0.074,KG,0.89,12.03,€
2576,7361466,mercearia,Caldo de Galinha Cubos sem Sal sem Glúten,8.0,KG,2.49,3.46,€
2577,5078634,mercearia,Bolachas Fruit & Fit de Frutos Vermelhos,0.148,KG,2.49,16.82,€
2578,2004444,mercearia,Patê de Fígado de Porco,0.075,KG,1.59,21.20,€
2579,7383378,mercearia,Pimento Piquillo sem Glúten,0.99,KG,2.19,5.48,€
2580,2744370,mercearia,Mel Mil Flores,0.35,KG,6.19,17.69,€
2581,5574306,mercearia,Chá Cold Morango e Manga Saquetas,10.0,UN,1.34,0.13,€
2582,7476872,mercearia,Condimento Azeite Virgem Extra Aroma Alho e Pimenta,0.25,LT,2.82,11.28,€
2583,5400046,mercearia,Cápsulas de Café Espresso Intenso Int 7,30.0,UN,9.99,0.33,€
2584,7285852,mercearia,Farinha de Linhaça Dourada,0.5,KG,4.19,8.38,€
2585,4441209,mercearia,Molho Suculento Frango Campestre no Forno com Alho e Cebola em Saqueta,0.03,KG,1.19,33.06,€
2586,4117241,mercearia,Farinha para Pão Mistura,1.0,KG,2.59,2.59,€
2587,7405345,mercearia,Café Moído Torrado Aroma Intenso Int 10,0.2,KG,1.99,9.95,€
2588,4386622,mercearia,Granola Triplo Chocolate,0.5,KG,2.29,4.58,€
2589,7639743,mercearia,Cápsulas de Café Ristretto Bold Int 11,10.0,UN,3.49,€0.35, 
2590,2534677,mercearia,Regina Classic Tripack,3.0,KG,1.99,27.64,€
2591,2003408,mercearia,Orégãos Folha em Frasco,0.01,KG,1.79,179.00,€
2592,7519497,mercearia,Molho Vinagrete,0.245,LT,1.19,4.86,€
2593,2834249,mercearia,Açafrão das Índias em Frasco,0.037,KG,2.39,64.59,€
2594,7237246,mercearia,Mix Frutos Secos Atividade,0.05,KG,0.99,19.80,€
2595,7311676,mercearia,Pasta Mac'n Cheese Pot,0.062,KG,2.3,37.10,€
2596,7539063,mercearia,Cápsulas de Café Intenso Int 12,10.0,UN,4.29,0.43,€
2597,7165414,mercearia,Doce Pêssego,0.28,KG,3.29,11.75,€
2598,2061649,mercearia,Rebuçados de Mentol,0.25,KG,2.29,9.16,€
2599,2005237,mercearia,Preparado para Pudim Flan,4.0,KG,1.09,57.37,€
2600,2003952,mercearia,Couscous,0.25,KG,0.59,2.36,€
2601,4968695,mercearia,Molho Cocktail Top Down,0.253,KG,2.99,11.82,€
2602,6905140,mercearia,Maionese sem Glúten,0.27,KG,3.09,11.44,€
2603,5911549,mercearia,"Creme Soja, Cacau e Avelã",0.4,KG,4.89,12.23,€
2604,7029240,mercearia,Pevide com Casca e Sal,0.25,KG,2.89,11.56,€
2605,4488174,mercearia,Risotto com Cogumelos Pronto a Comer,0.175,KG,2.8,16.00,€
2606,6968460,mercearia,Tortitas de Arroz Integral e Quinoa sem Glúten,0.13,KG,1.49,11.46,€
2607,7287431,mercearia,Bolachas de Milho Finas com Cereais,0.1,KG,1.29,12.90,€
2608,2725895,mercearia,Barras de Cereais Chocolate Choco Krispies,0.12,KG,2.79,23.25,€
2609,7612911,mercearia,Barra Proteína Vegetal Cacau e Chocolate Zero sem Glúten,0.055,KG,1.99,36.18,€
2610,7213882,mercearia,Bolachas Dibus Magic Cobertas com Chocolate de Leite,0.24,KG,1.79,7.46,€
2611,6524559,mercearia,Massa Macarronete com Vegetais Tricolor,0.5,KG,1.3,2.60,€
2612,7576978,mercearia,Caril Squeta,0.035,KG,1.49,42.57,€
2613,4372267,mercearia,Tablete de Chocolate Negro 70% Cacau,0.1,KG,1.19,11.90,€
2614,7046011,mercearia,Marinheiras,0.2,KG,2.99,14.95,€
2615,6894726,mercearia,Bolachas Nutríssimas de Canela,0.19,KG,2.59,13.63,€
2616,6967712,mercearia,Tablete de Chocolate Negro 86% Cacau,0.1,KG,2.79,27.90,€
2617,7191249,mercearia,Pipocas Salgadas Micro-ondas,0.09,KG,0.99,11.00,€
2618,4037793,mercearia,Infusão Frutos Vermelhos Saquetas,10.0,UN,1.09,€0.11, 
2619,6908705,mercearia,Molho de Tomate e Ricotta sem Glúten,0.4,KG,4.99,12.48,€
2620,6385852,mercearia,Gelatina em Pó de Melancia,0.031,KG,0.99,31.94,€
2621,5772619,mercearia,Granola Aveia com Frutas Cruesli,0.375,KG,4.99,13.31,€
2622,5827626,mercearia,Arroz Doce Especial,0.5,KG,0.93,1.86,€
2623,2497271,mercearia,Chá Verde e Limão Saquetas,25.0,UN,3.99,0.16,€
2624,2005241,mercearia,Cacau em Pó sem Glúten,0.125,KG,1.64,13.12,€
2625,7636120,mercearia,Louro Folha em Saqueta,0.007,KG,1.59,265.00,€
2626,4439877,mercearia,Pastilhas Elásticas de Spearmint,4.0,KG,1.59,18.07,€
2627,7658189,mercearia,Infusão Manga e Groselha Preta Saquetas,20.0,UN,2.09,0.10,€
2628,6148708,mercearia,Tablete de Chocolate Negro 85% Cacau sem Glúten,0.1,KG,2.69,26.90,€
2629,5779749,mercearia,Infusão Hibisco Saquetas,10.0,UN,0.89,0.09,€
2630,5762275,mercearia,Snack de Chocolate de Leite Kit Kat,5.0,KG,2.19,10.58,€
2631,7413146,mercearia,Puré de Fruta Maçã +4M,4.0,KG,2.89,7.61,€
2632,7237160,mercearia,Mix Frutos Secos Sport,0.05,KG,0.99,19.80,€
2633,2709002,mercearia,Bolachas Bocaditos com Recheio de Limão,0.15,KG,1.99,13.27,€
2634,2003213,mercearia,Alecrim Folha em Frasco,0.027,KG,1.89,82.17,€
2635,6866535,mercearia,Cápsulas de Café Intenso,10.0,UN,3.89,0.39,€
2636,2953012,mercearia,Tablete de Chocolate Negro Excellence Orange Intense,0.1,KG,2.99,29.90,€
2637,2404173,mercearia,Barras de Cereais Chocolate de Leite Muesli,0.15,KG,3.59,23.93,€
2638,5698232,mercearia,Tortitas de Milho e Chocolate Negro,0.1,KG,2.44,24.40,€
2639,7615761,mercearia,"Refeição para Bebé Ervilha, Batata e Frango +6M",0.19,KG,2.69,14.16,€
2640,7628069,mercearia,Creme de Alho Francês,0.074,KG,0.89,12.03,€
2641,7394719,mercearia,Honey Rings sem Glúten,0.25,KG,3.76,15.04,€
2642,2384445,mercearia,Milho Doce sem Glúten,0.3,KG,2.69,9.44,€
2643,6744691,mercearia,Cápsulas de Café Qharisma Int 12,40.0,UN,13.99,0.35,€
2644,7203228,mercearia,Cominhos Moídos,0.022,KG,2.24,101.82,€
2645,4963999,mercearia,Biscoitos de Manteiga e Amêndoa,0.175,KG,2.99,17.09,€
2646,7639307,mercearia,Xarope de Agave,0.5,KG,3.99,7.98,€
2647,5238294,mercearia,Salsicha de Peru Frankfurt,0.14,KG,1.39,9.93,€
2648,7324746,mercearia,Gomas Minhocas sem Glúten,0.3,KG,1.49,4.97,€
2649,5418185,mercearia,Biscoitos Integrais de Canela,0.2,KG,2.99,14.95,€
2650,5246089,mercearia,Bolachas Marinheiras Integrais,0.2,KG,2.14,10.70,€
2651,6046649,mercearia,Canela Moída em Saqueta,0.045,KG,0.59,13.11,€
2652,2060432,mercearia,Patê de Sardinha Picante,0.065,KG,0.99,15.23,€
2653,6083182,mercearia,Quinoa Tricolor,0.25,KG,3.49,13.96,€
2654,6278018,mercearia,Café Moído Torrado Moagem Universal Origins Brasil Int 9,0.22,UN,2.59,11.77,€
2655,2422496,mercearia,Azeite Virgem Extra,0.75,LT,6.6,8.80,€
2656,7003235,mercearia,Mix Frutos Secos com Sal,0.2,KG,3.19,15.95,€
2657,7393889,mercearia,Cereais Nesquik,0.3,KG,2.59,8.63,€
2658,5510134,mercearia,Molho Piri-piri,0.2,LT,0.38,1.90,€
2659,5879408,mercearia,Sal Marinho Tradicional com Moinho,0.075,KG,2.99,39.87,€
2660,7091765,mercearia,Mistura de Pimentas em Grão com Moinho em Frasco,0.04,KG,1.69,42.25,€
2661,5000918,mercearia,Biscoitos Boudoirs,0.2,KG,2.64,13.20,€
2662,4322996,mercearia,Molho de Soja,0.15,LT,4.49,29.93,€
2663,2004151,mercearia,Caldo de Carne Cubos sem Glúten,16.0,KG,2.49,15.56,€
2664,2004569,mercearia,Pepino em Vinagre e Coentros sem Glúten,0.67,KG,3.85,10.69,€
2665,6908706,mercearia,Molho Pesto Ricotta e Noz,0.19,KG,4.99,26.26,€
2666,6467844,mercearia,Creme Duplo para Barrar Cacau e Avelãs,0.4,KG,2.49,6.23,€
2667,7612903,mercearia,Barra Proteína Vegetal Indulgent Caramelo Salgado sem Glúten,0.055,KG,1.99,36.18,€
2668,3610203,mercearia,Caldo para Massa Cubos,8.0,KG,2.3,28.75,€
2669,7251777,mercearia,Bolacha Cracker Queijo Emmental e Sementes,0.15,KG,2.29,15.27,€
2670,7576438,mercearia,Snack Salgado Peixinhos Frasco,0.35,KG,2.94,8.40,€
2671,6619082,mercearia,Óleo de Coco Virgem,0.5,LT,4.29,8.58,€
2672,4706912,mercearia,Creme de Marisco,0.072,KG,1.59,22.08,€
2673,2076346,mercearia,Bolachas com Recheio de Morango La Barquette,0.12,KG,2.29,19.08,€
2674,7010038,mercearia,Molho de Francesinha Picante,0.5,KG,1.99,3.98,€
2675,2524188,mercearia,Creme de Marisco,0.075,KG,0.89,11.87,€
2676,2173387,mercearia,Chá Earl Grey Saquetas,20.0,UN,3.25,0.16,€
2677,7552771,mercearia,Batata Frita Rústica,0.2,KG,1.45,7.25,€
2678,5046391,mercearia,Vinagre de Vinho Branco Pet,0.5,LT,1.47,2.94,€
2679,6231759,mercearia,Cápsulas de Café Suave Int 8,10.0,UN,1.89,0.19,€
2680,2003990,mercearia,Massinha Pontinha,0.25,KG,0.59,2.36,€
2681,4321524,mercearia,Azeite Virgem Extra Premium Seleção,0.5,LT,10.36,20.72,€
2682,7724700,mercearia,Cereais Crunchy Brownie,0.3,KG,2.89,9.63,€
2683,4389813,mercearia,Tablete de Chocolate Negro 72%,0.1,KG,2.99,29.90,€
2684,7578172,mercearia,Bolachas Rosquilhas Canela,0.3,KG,2.19,7.30,€
2685,4668391,mercearia,Bolachas Marinheiras sem Sal,0.2,KG,2.14,10.70,€
2686,2004805,mercearia,Nestum Mel +3A,0.3,KG,2.24,7.47,€
2687,5186561,mercearia,Biscoitos Gengibre e Canela,0.25,KG,2.69,10.76,€
2688,7463615,mercearia,Alperce Extra,0.25,KG,4.99,19.96,€
2689,6219511,mercearia,Tortilha Integral,0.32,KG,3.39,10.59,€
2690,3898798,mercearia,Beijinhos de Chocolate Recheados com Morango,0.1,KG,1.15,11.50,€
2691,7011629,mercearia,Nuggets Proteína Vegetal,0.2,KG,4.49,22.45,€
2692,6462355,mercearia,Granola de Aveia Crocante com Bagas de Goji e Mirtilos,0.35,KG,4.99,14.26,€
2693,2014631,mercearia,Caramelo Líquido,0.4,KG,2.69,6.73,€
2694,6894576,mercearia,Bolachas Waffer de Cacau,0.18,KG,2.19,12.17,€
2695,7175734,mercearia,Maionese Magra,0.251,KG,2.29,9.12,€
2696,7545759,mercearia,Bolacha Recheada Chocolate sem Glúten,0.225,KG,1.82,8.09,€
2697,4491887,mercearia,Gomas Sortido Ácido sem Glúten,0.15,KG,1.94,12.93,€
2698,7088607,mercearia,Tablete de Chocolate Negro com Amêndoa,0.18,KG,3.79,21.06,€
2699,6601715,mercearia,Torta de Cacau,0.3,KG,1.79,5.97,€
2700,7629682,mercearia,Barras de Cereais Estrelitas,0.132,KG,1.99,15.08,€
2701,7577916,mercearia,Flocos Cereais com Chocolate,0.25,KG,1.69,6.76,€
2702,7358217,mercearia,Bolachas Chai e Gengibre,0.16,KG,2.39,14.94,€
2703,7620728,mercearia,Cápsulas de Café Encorpado Int 11,10.0,UN,3.14,0.31,€
2704,2003313,mercearia,Massa Meada,0.5,KG,1.68,3.36,€
2705,5971300,mercearia,Cogumelos Laminados sem Glúten,0.185,KG,0.75,7.14,€
2706,6194456,mercearia,Cápsulas de Café Fortissimo Int 10,10.0,UN,3.39,0.34,€
2707,5649262,mercearia,Bolachas Soft Bakes Frutos Vermelhos,0.25,KG,3.35,€13.40, 
2708,7466830,mercearia,Azeite Virgem Extra Reserva,0.75,LT,5.46,7.28,€
2709,6898842,mercearia,Bolachas Waffer de Iogurte e Limão,0.18,KG,2.19,12.17,€
2710,5798837,mercearia,Nestlé Moments Tablete de Chocolate de Leite,0.09,KG,1.24,13.78,€
2711,7694322,mercearia,Bolachas dos Marinheiros Clássicas,0.15,KG,1.99,13.27,€
2712,2892956,mercearia,Azeite Virgem Extra Grande Escolha,0.5,LT,8.0,16.00,€
2713,4586032,mercearia,Molho Suculento Entrecosto no Forno com Alho e Pimentão Doce em Saqueta,0.03,KG,1.19,39.67,€
2714,6083185,mercearia,Quinoa Branca,0.25,KG,2.99,11.96,€
2715,6984678,mercearia,Granola Chocolate,0.3,KG,3.99,13.30,€
2716,7096539,mercearia,Manteiga de Amendoim Crunchy sem Glúten,0.34,KG,4.49,13.21,€
2717,6102593,mercearia,Infusão Body Balance Saquetas,20.0,UN,2.09,0.10,€
2718,6498861,mercearia,Salsichas Cocktail Lata sem Glúten,0.35,KG,1.89,10.50,€
2719,6242297,mercearia,Gelatina em Pó Vegetal de Manga,0.18,KG,2.39,13.28,€
2720,5156833,mercearia,Mistura de Alho e Salsa em Frasco,0.043,KG,2.16,50.23,€
2721,7636324,mercearia,Leite em Pó de Transição Optipro 4 +24M,0.8,KG,11.54,14.42,€
2722,2230325,mercearia,Farinha de Trigo para Bolos com Fermento,1.0,KG,1.59,1.59,€
2723,7408112,mercearia,Cápsulas de Café Originale Int 9,16.0,UN,3.99,0.25,€
2724,2962925,mercearia,Farinha de Aveia,0.5,KG,1.75,3.50,€
2725,7267897,mercearia,Bolachas de Aveia com Pepitas de Chocolate Negro,0.2,KG,2.39,11.95,€
2726,7161710,mercearia,Bolacha para Bebé +8M sem Glúten,0.15,KG,2.24,14.93,€
2727,7499721,mercearia,Bolachas com Recheio de Framboesa  Baunilha Remix,0.157,KG,1.79,11.40,€
2728,6206450,mercearia,Leite em Pó de Crescimento Pro+ 3 +12M,0.8,KG,10.44,13.05,€
2729,2756152,mercearia,Tablete de Chocolate de Leite com Morango e Iogurte,0.1,KG,1.39,13.90,€
2730,5550510,mercearia,Pastilhas Elásticas de Bubblemint,4.0,KG,2.1,35.00,€
2731,5578410,mercearia,Bolachas Fingers de Chocolate de Leite,0.114,KG,1.84,16.14,€
2732,2003415,mercearia,Paprika em Frasco,0.04,KG,2.19,54.75,€
2733,5895735,mercearia,Manteiga de Amendoim Suave,0.227,KG,4.24,18.68,€
2734,5455839,mercearia,Molho Salsa Mexicana,0.19,KG,2.89,15.21,€
2735,6652548,mercearia,Papa Infantil Farinha Láctea Maçã +6M,0.25,KG,2.49,9.96,€
2736,2093710,mercearia,Pudim de Baunilha,0.09,KG,0.45,5.00,€
2737,7421502,mercearia,Tempero para Frango de Alho e Cebola,0.036,KG,0.99,27.50,€
2738,5918401,mercearia,Tablete de Chocolate de Leite com Avelã Extrafino sem Glúten,0.123,KG,2.19,17.80,€
2739,7242083,mercearia,Salmão Posta ao Natural,0.12,KG,2.29,26.94,€
2740,6718372,mercearia,Wrap de Trigo,0.32,KG,1.64,5.12,€
2741,7393891,mercearia,Barras de Cereais Go Free Corn Flakes sem Glúten,0.088,KG,1.4,15.91,€
2742,5619384,mercearia,Snack de Chocolate de Leite Kinder Bueno Mini,0.108,KG,2.49,23.06,€
2743,4874100,mercearia,Farinha Mix Pão sem Glúten,1.0,KG,4.9,4.90,€
2744,2130164,mercearia,Café em Grão Torrado Lote Bocage Cremoso,1.0,KG,11.99,11.99,€
2745,6646100,mercearia,Manteiga de Amendoim Cremosa sem Glúten,0.34,KG,1.79,5.26,€
2746,7068280,mercearia,Aroma de Morango Líquido,0.025,LT,1.64,65.60,€
2747,5247341,mercearia,Noodles de Frango,0.07,KG,0.5,7.14,€
2748,7421503,mercearia,Tempero para Frango de Ervas Aromáticas,0.034,KG,0.99,29.12,€
2749,7147997,mercearia,"Refeição para Bebé Batata, Abóbora e Peru +6M",0.19,KG,1.64,8.63,€
2750,6459926,mercearia,Tablete de Chocolate Branco Milkybar,0.1,KG,1.99,19.90,€
2751,7620612,mercearia,Cereais Krave Leite,0.41,KG,2.89,7.05,€
2752,7698198,mercearia,Quinoa,1.0,KG,5.49,5.49,€
2753,5294402,mercearia,Café Moído Moagem Única Lote Bocage,0.25,KG,2.59,10.36,€
2754,4951098,mercearia,Doce Figo,0.25,KG,3.59,14.36,€
2755,7407969,mercearia,Gelatina Pronta Frutos Vermelhos +Proteína,0.4,KG,1.19,2.98,€
2756,4967318,mercearia,Infusão Romã e Framboesa Superfruits Saquetas,20.0,UN,2.54,0.13,€
2757,7224012,mercearia,Cápsulas de Café Bocage Int 7,16.0,UN,3.24,0.20,€
2758,7377047,mercearia,Cápsulas de Café Descafeinado Espresso Intenso Int 7,30.0,UN,9.99,0.33,€
2759,5822138,mercearia,Flocos Aveia com Mel,0.4,KG,2.89,7.23,€
2760,5321784,mercearia,Pastilhas Elásticas de Bubblemint,0.016,KG,0.99,61.88,€
2761,7731772,mercearia,Arroz Basmati Himal,0.5,KG,2.1,4.20,€
2762,5818120,mercearia,Creme Vinagre Balsâmico,0.25,LT,2.09,8.36,€
2763,6996011,mercearia,Sal Rosa dos Himalaias Fino,0.25,KG,1.69,6.76,€
2764,7408271,mercearia,Azeitona Verde Descaroçada,0.15,KG,3.99,26.60,€
2765,7335329,mercearia,Bolachas Digestivas Thins,0.174,KG,2.49,14.31,€
2766,2005652,mercearia,Tablete de Chocolate Branco,0.1,KG,1.74,17.40,€
2767,6581829,mercearia,Chá Verde Saquetas,10.0,UN,1.09,0.11,€
2769,2507934,mercearia,Pimenta para Bifes com Moínho em Frasco,0.035,KG,2.89,82.57,€
2770,6903967,mercearia,Massa de Arroz Integral sem Glúten,0.27,KG,2.72,10.88,€
2771,7377064,mercearia,Chá Preto English Breakfast Saquetas,20.0,UN,1.64,0.08,€
2772,2638105,mercearia,Drageias de Chocolate de Leite sem Glúten,3.0,KG,1.09,16.52,€
2773,3692095,mercearia,Massa Esparguete à Carbonara,0.16,KG,1.49,9.31,€
2774,7249214,mercearia,Marshmallows Gumball sem Glúten,0.3,KG,1.79,€5.97, 
2775,3592611,mercearia,Chupas Mini,0.21,KG,2.34,11.14,€
2776,4995869,mercearia,Barras de Cereais Golden Grahams,0.3,KG,5.29,26.45,€
2777,7621699,mercearia,"Bebida Cereais Cevada, Chicória e Centeio",0.175,KG,3.99,22.80,€
2778,4322897,mercearia,Tempero Sumo de Limão,0.5,LT,2.52,5.04,€
2779,7629683,mercearia,Cereais Fitness Chocolate Preto e Banana,0.33,KG,4.49,13.61,€
2780,7414703,mercearia,Gelatina Pronta Vegetal Gelli Sweet Exótica,0.4,KG,1.33,3.33,€
2781,7456787,mercearia,Mel Serras de Portugal,0.5,KG,6.99,13.98,€
2782,2877350,mercearia,Infusão Nº30 Erva Príncipe Saquetas,10.0,UN,0.99,0.10,€
2783,7389930,mercearia,Sal Rosa dos Himalaias Grosso,1.0,KG,1.83,1.83,€
2784,7576992,mercearia,Alho Moído Saqueta,0.04,KG,1.11,27.75,€
2785,5038755,mercearia,Creme de Marisco,0.06,KG,1.19,19.83,€
2786,6938780,mercearia,Granola Frutos Vermelhos,0.35,KG,5.99,17.11,€
2787,4949604,mercearia,Bolo com Recheio de Chocolate,0.114,KG,1.09,7.79,€
2788,7519501,mercearia,Tablete de Chocolate Leite com Avelãs,0.125,KG,2.99,23.92,€
2789,2963054,mercearia,Lentilhas sem Casca,0.5,KG,3.79,7.58,€
2790,4817342,mercearia,Chá Lúcia-Lima Planta,0.05,KG,1.89,37.80,€
2791,6278072,mercearia,Café Moído Torrado Moagem Universal Origins Timor Int 10,0.22,KG,2.59,11.77,€
2792,6242438,mercearia,Mostarda Mel Top Down,0.22,LT,2.99,13.59,€
2793,6589603,mercearia,Massa Disney Princesas,0.3,KG,1.87,6.23,€
2794,5762263,mercearia,Snack de Chocolate de Leite Kit Kat,3.0,KG,1.99,16.05,€
2795,4331108,mercearia,Açúcar em Pó para Polvilhar,0.25,KG,1.6,6.40,€
2796,5611018,mercearia,Tablete de Chocolate Negro 72% Cacau,0.1,KG,1.99,19.90,€
2797,5204538,mercearia,Azeite Virgem Extra DOP Trás-os-Montes,0.75,LT,6.43,8.57,€
2798,6961757,mercearia,Açúcar Branco 50 Sticks,0.25,KG,1.58,6.32,€
2799,6972396,mercearia,Azeite Virgem Extra Socalcos do Norte,0.75,LT,5.93,7.91,€
2800,4243411,mercearia,Farinha de Trigo Integral,1.0,KG,1.59,1.59,€
2801,4046314,mercearia,Pastilhas Elásticas White Spearmint,0.058,KG,2.79,48.10,€
2802,4902564,mercearia,Molho Piri-Piri com Azeite,0.05,LT,1.99,39.80,€
2803,5592978,mercearia,Barras de Cereais Delice Chocolate de Leite Fitness,0.135,KG,1.99,14.74,€
2804,7285727,mercearia,Farinha de Amêndoa sem Pele,0.2,KG,3.89,19.45,€
2805,7625780,mercearia,Barras de Cereais Chocolate e Amêndoa Fitness,0.141,KG,1.99,14.11,€
2806,7058413,mercearia,Canela em Pau em Frasco,0.12,KG,8.69,72.42,€
2807,2604185,mercearia,Massa Instantânea Chinesa Ezy Cook,0.375,KG,3.1,8.27,€
2808,7577817,mercearia,Pasta Carbonara Pot,92.0,KG,2.94,31.96,€
2809,2003469,mercearia,Piri-piri Malagueta Moída em Frasco,0.038,KG,2.39,62.89,€
2810,7363644,mercearia,Barras de Amêndoa Caramelizada e Sal Marinho sem Glúten,0.09,KG,3.99,44.33,€
2811,2002451,mercearia,Molho Piri-piri sem Glúten,0.195,LT,1.19,6.10,€
2812,6508562,mercearia,Cereais Golden Grahams,0.375,KG,4.49,11.97,€
2813,2868667,mercearia,Rebentos de Feijão Mungo sem Glúten,3.0,KG,4.99,18.48,€
2814,7655627,mercearia,Iogofruta Pera +6M,4.0,KG,2.79,7.34,€
2815,7708105,mercearia,Bolachas de Aveia e Chocolate sem Glúten,0.16,KG,1.78,11.12,€
2816,5418196,mercearia,Farelo de Aveia,0.4,KG,1.49,3.73,€
2817,4335572,mercearia,Palitos de Chocolate Branco,0.15,KG,1.59,10.60,€
2818,4963603,mercearia,Miolo de Amêndoa Moída,0.1,KG,1.69,16.90,€
2819,6626623,mercearia,Folhas Frescas para Lasanha,0.25,KG,2.39,9.56,€
2820,2952572,mercearia,Croissants Mini com Recheio de Chocolate,0.08,KG,1.39,17.38,€
2821,4693143,mercearia,Bolachas Recheadas Duplo Creme,0.185,KG,1.79,9.68,€
2822,7740938,mercearia,Cápsulas de Café Savana Int 12,10.0,UN,3.49,0.35,€
2823,6652549,mercearia,Farinha Láctea Pera +6M,0.25,KG,2.49,9.96,€
2824,4817007,mercearia,Chá Camomila Flor,0.05,KG,2.74,54.80,€
2825,2093723,mercearia,Pudim de Caramelo,0.09,KG,0.45,5.00,€
2826,3834625,mercearia,Rebuçados Citrus Mix,0.032,KG,0.94,29.38,€
2827,6750401,mercearia,Wrap de Trigo,0.37,KG,1.75,4.73,€
2828,2918065,mercearia,Pastilhas Elásticas Frutos Silvestres,0.0145,KG,0.99,70.71,€
2829,6906685,mercearia,Leite Condensado Cozido,0.385,KG,2.39,6.21,€
2830,3799402,mercearia,Cereais Nesquik,0.625,KG,4.99,7.98,€
2831,2113690,mercearia,Beterraba em Vinagre sem Glúten,0.345,KG,1.49,8.28,€
2832,7377059,mercearia,Infusão Time to Relax Pyramid Saquetas,20.0,UN,2.09,0.10,€
2833,4871953,mercearia,Café Solúvel Clássico Saquetas,10.0,UN,0.99,0.10,€
2834,4903126,mercearia,Refeição para Bebé Peru e Cenouras +6M,2.0,KG,3.99,9.98,€
2835,5441237,mercearia,Snack Nesquik,0.104,KG,2.29,22.02,€
2836,6601220,mercearia,Doce Morango Temporada,0.35,KG,3.44,9.83,€
2837,5551888,mercearia,Molho Chutney de Manga Doce em Vidro,0.34,KG,3.59,10.56,€
2838,4873593,mercearia,Maionese,0.75,LT,3.89,5.19,€
2839,6401652,mercearia,Bolachas Extra Pepitas XL,0.184,KG,2.59,14.08,€
2840,7637103,mercearia,Farinha de Aveia Integral,0.8,KG,1.99,2.49,€
2841,5384861,mercearia,Tomate Seco em Saco,0.1,KG,3.95,39.50,€
2842,5345947,mercearia,Patê de Presunto,0.125,KG,1.69,13.52,€
2843,6902167,mercearia,"Granola Quinoa, Amêndoas e Chocolate",0.3,KG,4.49,14.97,€
2844,6414425,mercearia,Chá Preto Saquetas,40.0,UN,2.99,0.07,€
2845,2175307,mercearia,Molho Picante Jalapenho sem Glúten,0.057,LT,3.19,55.96,€
2846,7271628,mercearia,Massa Macarrão Penne,0.5,KG,1.31,2.62,€
2847,7029091,mercearia,Miolo de Amêndoa Moída,0.2,KG,3.19,15.95,€
2848,5799173,mercearia,Tempero Sumo de Limão,0.2,LT,0.84,4.20,€
2849,5568754,mercearia,Massa Fusilli Integral,0.5,KG,2.14,4.28,€
2850,5211679,mercearia,Gelatina em Pó Light de Pêssego,2.0,KG,2.09,69.67,€
2851,2005651,mercearia,Tablete de Chocolate de Leite com Avelã,0.1,KG,1.74,17.40,€
2852,5902731,mercearia,Gelatina em Pó Zero% de Morango Silvestre,0.028,KG,1.04,37.14,€
2853,2880235,mercearia,Polpa de Manga,0.45,KG,2.25,5.00,€
2854,7702553,mercearia,Flocos de Aveia Finos,1.0,KG,2.45,2.45,€
2855,6785738,mercearia,Mel Rosmaninho,0.25,KG,5.09,20.36,€
2856,7463626,mercearia,Quinoa,0.5,KG,2.99,5.98,€
2857,7399738,mercearia,Manteiga de Amendoim Cremosa,0.35,KG,3.34,9.54,€
2858,7473517,mercearia,Barra Frutos Vermelhos sem Glúten,0.035,KG,1.29,36.86,€
2859,7696261,mercearia,Flocos Aveia Finos Integrais,0.4,KG,1.49,3.73,€
2860,7520006,mercearia,Chocolate Branco e Manteiga de Amendoim,0.0395,KG,1.29,33.08,€
2861,3868509,mercearia,Polpa de Manga,0.86,KG,2.99,3.48,€
2862,2621889,mercearia,Flocos de Aveia,0.4,KG,0.78,1.95,€
2863,7422923,mercearia,Bolachas Wafers com Recheio de Morango,0.15,KG,1.99,13.27,€
2864,5184539,mercearia,Drageias de Limão,0.035,KG,2.3,65.71,€
2865,6984271,mercearia,Húmus,0.2,KG,2.99,14.95,€
2866,6819559,mercearia,Flocos Aveia Integral Prensados sem Glúten,0.4,KG,1.29,3.23,€
2867,3866323,mercearia,Azeite Virgem Extra Premium Primeiro Azeite,0.5,LT,5.19,10.38,€
2868,2003866,mercearia,Torta com Cobertura de Cacau,0.3,KG,2.99,9.97,€
2869,5247322,mercearia,Noodles de Camarão,0.07,KG,0.5,7.14,€
2870,5258773,mercearia,Café Solúvel Creme,0.1,KG,3.19,31.90,€
2871,7617595,mercearia,Mostarda com Vinagre Balsâmico de Modena e Figo,0.14,LT,1.39,9.93,€
2872,5250628,mercearia,Bebida de Chocolate Solúvel sem Glúten,0.4,KG,2.19,5.48,€
2873,6190447,mercearia,Massa Lasanha Integral,0.5,KG,2.44,4.88,€
2874,5125254,mercearia,Especiarias para Grelhados em Frasco,0.017,KG,2.16,127.06,€
2875,7378741,mercearia,Snacks Batata Hot & Spicy,0.175,KG,2.99,17.09,€
2876,5316702,mercearia,Drageias de Menta,0.12,KG,2.4,20.00,€
2877,7003018,mercearia,Tablete de Chocolate Framboesa e Avelã Excellence 70% Cacau,0.1,KG,2.99,29.90,€
2878,7336274,mercearia,Sazonador para Tacos,0.025,KG,1.39,55.60,€
2879,7399643,mercearia,Vinagre de Sidra,0.25,LT,2.31,9.24,€
2880,7388643,mercearia,Massa Esparguete Integral de Alfarroba,0.5,KG,0.91,1.82,€
2881,7398812,mercearia,Puré de Fruta Banana com Leite de Coco +6M,4.0,KG,2.99,7.87,€
2882,7519244,mercearia,Alimento Lácteo de Morango e Maçã sem Glúten +8M,0.1,KG,0.94,9.40,€
2883,2004033,mercearia,Café em Grão Torrado 5 Estrelas Lote Clássico Int 10,0.25,KG,4.19,16.76,€
2884,5566391,mercearia,Gressinos com Sésamo,2.0,KG,2.29,9.16,€
2885,6651812,mercearia,Flocos de Cereais com Mel +3A,0.3,KG,1.69,5.63,€
2886,4228611,mercearia,Granola,0.375,KG,2.99,7.97,€
2887,7267899,mercearia,"Bolachas de Aveia, Coco e Chia",0.2,KG,2.39,11.95,€
2888,7240275,mercearia,Café em Grão Torrado Extreme Int 12,0.22,KG,4.49,20.41,€
2889,6707178,mercearia,Pastilhas Elásticas de Peppermint,0.084,KG,3.29,39.17,€
2890,4657044,mercearia,Bolachas Wafers com Recheio de Chocolate,0.146,KG,1.69,11.58,€
2891,2293622,mercearia,Molho Sweet Chili,0.19,LT,3.35,17.63,€
2892,7319489,mercearia,Snack para Bebé de Banana NutriPuffs +8M,0.007,KG,0.64,91.43,€
2893,7170365,mercearia,Lentilhas Vermelhas sem Casca,0.5,KG,3.59,7.18,€
2894,7066863,mercearia,"Doce Maçã, Passas e Canela",0.18,KG,3.14,17.44,€
2895,7074586,mercearia,Cápsulas de Café Roast Collection Medium Int 8,10.0,UN,4.59,0.46,€
2896,7382942,mercearia,Segredos Bifes,0.046,KG,2.16,46.96,€
2897,6718362,mercearia,Polvilho Doce sem Glúten,0.5,KG,4.04,8.08,€
2898,7214623,mercearia,Cápsulas de Café Intensus Int 8,10.0,UN,1.89,0.19,€
2899,2501782,mercearia,Dragueias de Chocolate com Amendoim,0.4,KG,6.65,16.63,€
2900,6897457,mercearia,Bolachas Digestivas Finas com Chocolate de Leite,0.17,KG,2.65,15.59,€
2901,6909072,mercearia,Tablete de Chocolate Negro 70% Cacau sem Glúten,0.1,KG,2.89,28.90,€
2902,7403641,mercearia,Massa Linguine com Cogumelos,0.5,KG,2.72,5.44,€
2903,2003324,mercearia,Massa Cannelloni,0.25,KG,1.68,6.72,€
2904,7628087,mercearia,Salsichas de Porco Forno de Lenha 5 un sem Glúten,0.43,KG,2.85,12.95,€
2905,7135368,mercearia,Geleia Morango,0.3,KG,2.49,8.30,€
2906,6950057,mercearia,Cápsulas de Café EpiQ Int 14,60.0,UN,18.99,0.32,€
2907,5800555,mercearia,Drageias de Frutos Vermelhos,0.035,KG,2.3,65.71,€
2908,4069044,mercearia,Bolachas Digestivas de Aveia e Chocolate,0.425,KG,1.64,3.86,€
2909,4315778,mercearia,Leite em Pó de Transição Optipro 2 +6M sem Glúten,0.8,KG,17.49,21.86,€
2910,4018004,mercearia,Pastilhas Elásticas Banana,0.032,KG,0.46,14.38,€
2911,7059567,mercearia,Bolachas Choco Tablet Diet Nature,0.15,KG,3.24,21.60,€
2912,5509463,mercearia,Azeite Virgem Extra Oliveirinha,0.5,LT,6.59,13.18,€
2913,7614093,mercearia,Crepes Primavera para Fritar,0.28,KG,1.99,7.11,€
2914,7390613,mercearia,Farinha Láctea com Menos 40% de Açúcar +6M,1.0,KG,4.99,4.99,€
2915,7417011,mercearia,Noodles Hot Bacon,0.063,KG,1.54,24.44,€
2916,7335373,mercearia,Bolachas Digestivas Thins Tradicionais,0.174,KG,2.39,13.74,€
2917,2211119,mercearia,Manteiga de Amendoim Crocante sem Glúten,0.34,KG,2.99,8.79,€
2918,7637112,mercearia,Segredos Bifes em Saquetas,0.016,KG,1.64,102.50,€
2919,7522660,mercearia,Tablete de Chocolate Negro e Avelãs,0.09,KG,2.69,29.89,€
2920,7358144,mercearia,Bolachas Dibus Magic,0.154,KG,0.89,5.78,€
2921,6032679,mercearia,Salsichas de Aves Cocktail Lata,0.35,KG,1.85,10.88,€
2922,7455094,mercearia,Tablete de Chocolate Negro com Pepitas de Coco,0.1,KG,1.49,14.90,€
2923,4452987,mercearia,Gomas Favoritos,0.09,KG,1.29,14.33,€
2924,7544004,mercearia,Cápsulas de Café Capuccino Light,16.0,UN,6.49,0.41,€
2925,5125252,mercearia,Especiarias para Massas em Frasco,0.332,KG,2.16,67.50,€
2926,4113551,mercearia,Gomas Spaghetti Pica Sabor Morango,0.075,KG,1.29,17.20,€
2927,4228831,mercearia,Sementes de Girassol,0.15,KG,1.39,9.27,€
2928,7029520,mercearia,Ervilhas,0.249,KG,1.25,8.93,€
2929,5660219,mercearia,Gelatina em Pó de Amora,2.0,KG,1.89,11.12,€
2930,7417452,mercearia,Massa Tagliatelle Integral,0.25,KG,2.25,9.00,€
2931,7213856,mercearia,Bolachas Vitalday Crocantes de Aveia e Chocolate,0.3,KG,3.59,11.97,€
2932,7654635,mercearia,Chocolate de Leite e Caramelo Salgado Stick,0.038,KG,1.49,39.21,€
2933,7251808,mercearia,Coco Ralado,0.2,KG,2.19,10.95,€
2934,7400627,mercearia,Snacks Batata Flame Sabor Natas & Cebola,0.16,KG,2.24,14.00,€
2935,7708599,mercearia,"Tortitas de Arroz, Chia e Quinoa sem Glúten",0.1,KG,1.09,10.90,€
2936,7264179,mercearia,Filete de Cavala em Azeite,0.12,KG,3.29,42.18,€
2937,7483605,mercearia,Doce de Framboesa,0.25,KG,2.39,9.56,€
2938,5753581,mercearia,Bebida Cereais Café Intenso,0.175,KG,5.49,31.37,€
2939,7423453,mercearia,Molho de Mostarda e Mel,0.285,LT,1.39,4.88,€
2940,7636186,mercearia,Molho de Soja,0.2,LT,1.19,5.95,€
2941,7557697,mercearia,Cápsulas Café Brasil Int 9,10.0,UN,2.79,0.28,€
2942,7708968,mercearia,Tablete de Chocolate de Leite com Avelãs Inteiras,0.1,KG,2.19,21.90,€
2943,7717085,mercearia,Gelatina em Pó Zero% de Frutos Vermelhos,0.026,KG,1.04,40.00,€
2944,7209861,mercearia,Mistura de Pimentas em Grão em Saqueta,0.045,KG,0.99,22.00,€
2945,7682255,mercearia,Refeição para Bebé Peixe e Vegetais +8M,0.19,KG,1.64,8.63,€
2946,2581047,mercearia,Drageias de Peppermint,0.008,KG,1.39,173.75,€
2947,6814879,mercearia,Manteiga de Amendoim sem Glúten,0.32,KG,3.99,12.47,€
2948,6894124,mercearia,Creme de Cogumelos e Queijo Mascarpone,0.057,KG,1.99,34.91,€
2949,5515840,mercearia,Granola Fruta e Canela,0.35,KG,4.29,12.26,€
2950,5825190,mercearia,Cookie Sensations Chocolate,0.156,KG,2.89,18.53,€
2951,5491891,mercearia,Gelatina em Pó de Morango,0.031,KG,2.09,67.42,€
2952,7722468,mercearia,Tablete de Chocolate de Leite,0.1,KG,1.34,13.40,€
2953,2539737,mercearia,Cereais Corn Flakes Milho,0.5,KG,1.79,3.58,€
2954,7213837,mercearia,Bolachas Digestivas,0.4,KG,0.99,2.47,€
2955,7068487,mercearia,Granola de Aveia Integral e Mel,0.3,KG,3.69,12.30,€
2956,6701943,mercearia,Doce Frutos Vermelhos Temporada,0.35,KG,3.44,9.83,€
2957,3617869,mercearia,Doce Laranja,0.37,KG,3.99,10.78,€
2958,6967700,mercearia,Tablete de Chocolate Negro com Laranja,0.1,KG,2.79,27.90,€
2959,5652943,mercearia,Massa Esparguete Trevo,0.5,KG,0.87,1.74,€
2960,7215467,mercearia,Saqueta de Fruta Maçã e Manga +3A,0.09,KG,0.83,9.22,€
2961,6919361,mercearia,Doce de Mirtilo,0.24,KG,3.89,16.21,€
2962,6297328,mercearia,Pastilhas Elásticas Senses Spearmint,0.023,KG,0.99,43.04,€
2963,4362254,mercearia,Gomas Starmix,0.09,KG,1.29,14.33,€
2964,6825380,mercearia,Pasta de Azeitona Preta,0.09,KG,3.6,40.00,€
2965,7725822,mercearia,Mel Montanha,0.3,KG,3.59,11.97,€
2966,7576427,mercearia,Marmelada,0.25,KG,1.99,7.96,€
2967,7635786,mercearia,Bebida Cereais Chicória,0.2,UN,6.89,34.45,€
2968,7534167,mercearia,Snack Chocolate e Amendoim Lion,5.0,KG,2.09,13.48,€
2969,7117588,mercearia,Farinha de Trigo Integral,1.0,KG,0.79,0.79,€
2970,6530971,mercearia,Cereais Bran Flakes Fibra,0.5,KG,2.09,4.18,€
2971,7443383,mercearia,Gomas DoyPack Morango Nata Rech,0.18,KG,2.49,13.83,€
2972,6231710,mercearia,Cápsulas de Café Platinium Int 8,16.0,UN,3.65,0.23,€
2973,7117587,mercearia,Farinha de Aveia Integral,1.0,KG,1.89,1.89,€
2974,5342071,mercearia,Farinha de Milho sem Glúten,0.5,KG,0.69,1.38,€
2975,4941046,mercearia,Barras de Cereais Nesquik,0.3,KG,5.29,26.45,€
2976,6917664,mercearia,Noodles Teriyaki Soba Pot,0.09,KG,1.79,19.89,€
2977,5921879,mercearia,Tablete de Chocolate de Leite Extrafino sem Glúten,0.125,KG,1.64,13.12,€
2978,7131362,mercearia,Granola Amêndoa e Sementes Abóbora,0.3,KG,3.79,12.63,€
2979,7475617,mercearia,Risotto de Cogumelos Pronto a Comer,0.28,KG,2.89,10.32,€
2980,2027778,mercearia,Tablete de Chocolate de Leite,0.1,KG,1.74,17.40,€
2981,5414445,mercearia,Hóstias de Camarão,0.05,KG,1.79,35.80,€
2982,2391619,mercearia,Bolachas de Manteiga Short Triangles,0.15,KG,4.85,32.33,€
2983,4762917,mercearia,Doce Abóbora,0.23,KG,3.59,14.36,€
2984,5113597,mercearia,Folhado Feuilletine,0.135,KG,1.94,14.37,€
2985,5456955,mercearia,Gomas Lápis Ácidas,0.1,KG,1.19,13.22,€
2986,3646638,mercearia,Molho para Fajitas sem Glúten,0.395,KG,4.49,11.37,€
2987,4322890,mercearia,Tempero para Frango sem Glúten,0.2,KG,0.85,4.25,€
2988,4674091,mercearia,Infusão sem Barriga Saquetas,10.0,UN,0.99,0.10,€
2989,3727556,mercearia,Batata Frita Caseira Rodelas,0.3,KG,2.59,8.63,€
2990,7383021,mercearia,Bolacha Crisp Bread Queijo e Alho,0.13,KG,2.79,21.46,€
2991,6173734,mercearia,Hambúrguer de Espinafres,0.16,KG,3.39,21.19,€
2992,6046661,mercearia,Pimenta Preta Moída em Saqueta,0.05,KG,0.79,15.80,€
2993,2004171,mercearia,Caldo de Galinha Cubos,16.0,KG,2.49,15.56,€
2994,5778656,mercearia,Cereais Fitness Frutas,0.375,KG,4.49,11.97,€
2995,7637320,mercearia,Snack Chocolate Kit Kat,0.1245,KG,2.99,24.11,€
2996,7068359,mercearia,Azeite,0.75,LT,4.8,6.40,€
2997,7177603,mercearia,Barras de Cereais Mel e Amêndoa Fitness,0.141,KG,1.99,14.11,€
2998,7030207,mercearia,Miolo de Pinhão Culinária,0.05,KG,2.99,59.80,€
2999,5615867,mercearia,Noodles com Ovo,0.3,KG,3.59,11.97,€
3000,6881338,mercearia,Bolachas Beneditas com Amêndoa e Limão,0.2,KG,4.99,24.95,€
3001,2258106,mercearia,Tablete de Chocolate de Leite Gold,0.3,KG,5.99,19.97,€
3002,5779327,mercearia,Compota Frutos Vermelhos,0.25,KG,4.59,18.36,€
3003,6919365,mercearia,Coco Ralado sem Glúten,0.2,KG,2.79,13.95,€
3004,4495391,mercearia,Muesli Multicereais Crocante,0.5,KG,3.29,6.58,€
3005,7696335,mercearia,Patê de Lebre,0.18,KG,2.99,16.61,€
3006,5010577,mercearia,Papa Infantil para Preparar com Leite +6M,0.25,KG,2.49,9.96,€
3007,7327119,mercearia,Gomas Ácidas Tiras,0.3,KG,1.79,5.97,€
3008,7264566,mercearia,Bolachas Recheadas com Cacau Mega Duo Duplo,0.5,KG,2.49,4.98,€
3009,5595005,mercearia,Snack de Chocolate Branco,0.046,KG,0.79,17.17,€
3010,5488397,mercearia,Farinha de Polenta sem Glúten,0.5,KG,1.35,2.70,€
3011,7264219,mercearia,Azeitona Kalamata,0.4,KG,4.99,12.48,€
3012,7645361,mercearia,Erva Doce Moída em Saqueta,0.025,KG,1.19,47.60,€
3013,6023041,mercearia,Bolachinhas para Bebé Saquetas +6M,4.0,KG,2.84,15.78,€
3014,7022811,mercearia,Leite em Pó 4 de Crescimento +12M sem Glúten,0.75,KG,10.99,14.65,€
3015,6857940,mercearia,Muesli Proteína,0.375,KG,4.99,13.31,€
3016,7394717,mercearia,Cereais Corn Flakes sem Glúten,0.25,KG,2.99,11.96,€
3017,7647227,mercearia,Barra de Sésamo e Chia sem Glúten,0.04,KG,0.89,22.25,€
3018,7657140,mercearia,Tablete de Chocolate de Leite com Amêndoas Caramelizadas,0.1,KG,2.99,29.90,€
3019,6020780,mercearia,Bolachas Digestivas de Aveia e Laranja,0.425,KG,1.64,3.86,€
3020,5096698,mercearia,Leite Condensado Cozido,0.397,KG,2.69,6.78,€
3021,7455814,mercearia,Vinagre de Arroz Gourmet,0.25,LT,1.55,6.20,€
3022,6395061,mercearia,Saqueta de Fruta Maçã +3A,0.09,KG,0.83,9.22,€
3023,7544266,mercearia,Bolachas,0.17,KG,2.99,17.59,€
3024,3883045,mercearia,Chá Earl Grey Lata,0.1,KG,4.75,47.50,€
3025,4102029,mercearia,Molho de Caril e Manga Top Down,0.225,LT,2.99,13.59,€
3026,6104253,mercearia,Cápsulas de Café Espresso Sical Int 7,3.0,UN,15.99,0.33,€
3027,7442646,mercearia,Gelatina Pronta Morango Light,0.6,KG,1.78,2.97,€
3028,2973030,mercearia,Drageias de Chocolate de Leite,0.114,KG,1.49,14.61,€
3029,4963595,mercearia,Miolo de Amêndoa Laminada,0.1,KG,1.69,16.90,€
3030,4374082,mercearia,Massa Fusilli com Pesto,0.15,KG,1.49,9.93,€
3031,3022559,mercearia,Tablete de Chocolate Negro Original,0.2,KG,3.79,18.95,€
3032,7526754,mercearia,Bolachas Finas Aveia com Cobertura de Chocolate Leite,0.15,KG,1.54,10.27,€
3033,7062821,mercearia,Gengibre Moído em Frasco,0.026,KG,2.09,80.38,€
3034,5343988,mercearia,Massa Linguine,0.5,KG,1.97,3.94,€
3035,7376243,mercearia,Bolacha Nutchoc Chocolate e Avelã,0.175,KG,1.89,10.80,€
3036,6938628,mercearia,Salsichas de Ovo Frasco 5 un,0.42,KG,2.59,11.77,€
3037,6831306,mercearia,Gengibre Moído,0.032,KG,3.21,100.31,€
3038,5244074,mercearia,Bebida de Chocolate Solúvel 32% Cacau Magro sem Glúten,0.45,KG,3.99,8.87,€
3039,6649663,mercearia,Bolo Mini,0.12,KG,1.59,13.25,€
3040,3881138,mercearia,Pastilhas Elásticas Fresh Mint,0.03,KG,1.85,61.67,€
3041,7083226,mercearia,Gelatina Pronta Maracujá,0.4,KG,1.94,4.85,€
3042,2235444,mercearia,Café Solúvel Gold Mocha,8.0,KG,2.64,18.33,€
3043,6589976,mercearia,Bombons de Chocolate Branco Schoko-Bons,0.2,KG,3.99,19.95,€
3044,7191208,mercearia,Pipocas Doces Gourmet Maria Pipoca,0.24,KG,2.99,12.46,€
3045,2003221,mercearia,Canela em Pau em Saqueta,0.03,KG,1.99,66.33,€
3046,6761275,mercearia,Azeite Virgem Extra Trilogia,3.0,LT,8.48,11.31,€
3047,5822137,mercearia,Muesli 4 Cereais,0.5,KG,3.49,6.98,€
3048,6161830,mercearia,Molho Barbecue Sweet Top Down,0.49,KG,4.59,9.18,€
3049,7642094,mercearia,Cereais Estrelas de Manga e Abóbora Monstrinhos,0.125,KG,2.99,23.92,€
3050,7232493,mercearia,Chá Verde Saquetas,20.0,UN,1.39,0.07,€
3051,5318632,mercearia,Snack de Chocolate com Biscoito e Caramelo,0.075,KG,1.7,22.67,€
3052,2536010,mercearia,Cacau Magro em Pó,0.125,KG,0.99,7.92,€
3053,6065363,mercearia,Pimentão La Vera em Lata,0.07,KG,2.51,35.86,€
3054,4313026,mercearia,Bolachas Digestivas,0.16,KG,1.99,12.44,€
3055,6837986,mercearia,Infusão Limão e Gengibre Saquetas,20.0,UN,3.99,0.20,€
3056,6470303,mercearia,Atum em Óleo,0.11,KG,0.74,10.28,€
3057,6873416,mercearia,Bulgur,0.5,KG,1.59,3.18,€
3058,6927070,mercearia,Barra de Amêndoas Caramelizadas e Sal Marinho,0.04,KG,1.99,49.75,€
3059,7450623,mercearia,Tablete de Chocolate de Leite e Arroz Tufado,0.15,KG,1.99,13.27,€
3060,4603996,mercearia,Adoçante em Pó,0.09,KG,2.29,25.44,€
3061,6880519,mercearia,Granola Aveia Integral,0.385,KG,3.69,9.58,€
3062,7355941,mercearia,Drageias de Chocolate de Leite Mini,0.187,KG,2.69,14.39,€
3063,2758470,mercearia,Couscous,0.5,KG,2.82,5.64,€
3064,5830172,mercearia,Hambúrguer de Cereais com Queijo,0.16,KG,3.49,21.81,€
3065,2209487,mercearia,Bolo com Recheio de Chocolate Original,0.057,KG,1.09,19.12,€
3066,5822174,mercearia,Flocos Cevada Integrais,0.4,KG,1.39,3.48,€
3067,5009656,mercearia,Biqueirão em Azeite Virgem Extra,0.12,KG,4.89,48.90,€
3068,7394707,mercearia,Cereais All Bran Flakes,0.375,KG,4.39,11.71,€
3069,7708104,mercearia,Bolachas de Aveia e Frutos Vermelhos sem Glúten,0.16,KG,1.78,11.12,€
3070,2193653,mercearia,Caril Indiano em Frasco,0.2,KG,2.99,14.95,€
3071,2003659,mercearia,Sardinha em Óleo Picante,0.12,KG,0.74,8.81,€
3072,4924960,mercearia,Infusão Limão e Lima Cold Saquetas,10.0,UN,1.34,0.13,€
3073,7747492,mercearia,Tablete de Chocolate Maltesers,0.15,KG,1.99,13.27,€
3074,2299739,mercearia,Drageias de Mentol,0.04,KG,0.9,23.68,€
3075,7405617,mercearia,Café Solúvel Creme,0.16,KG,3.99,24.94,€
3076,7473300,mercearia,Creme para Barrar Chocolate e Amendoim,0.2,KG,3.99,19.95,€
3077,5491937,mercearia,Pastilhas Elásticas Melão e Melancia,0.0145,KG,0.99,70.71,€
3078,7071760,mercearia,Gelatina Pronta Ananás sem Açúcar,0.4,KG,2.14,5.35,€
3079,7377428,mercearia,Noodles Pot Pato Asia,0.061,KG,1.49,24.43,€
3080,7351682,mercearia,Tus Recetas Mediterrâneo sem Glúten,0.359,KG,2.99,9.97,€
3081,7140426,mercearia,Doce Abacaxi e Chia,0.28,KG,2.99,10.68,€
3082,6083204,mercearia,Farinha de Coco sem Glúten,0.25,KG,1.99,7.96,€
3083,7486895,mercearia,Papa Infantil Farinha Láctea Maçã +4M sem Glúten,0.25,KG,3.19,12.76,€
3084,2629238,mercearia,Infusão Nº19 Camomila Saquetas,10.0,UN,0.99,0.10,€
3085,6817120,mercearia,Massa Noodles de Trigo Integral,0.25,KG,3.0,12.00,€
3086,2003422,mercearia,Pimenta Branca Moída em Frasco,0.04,KG,2.59,64.75,€
3087,7320898,mercearia,Bebida de Chocolate Solúvel Intenso 40% Cacau sem Glúten,0.33,KG,6.29,19.06,€
3088,4645301,mercearia,Azeite Virgem Extra Clássico Pet,0.75,LT,5.74,7.65,€
3089,5580643,mercearia,Arroz Sushi Extra Médio,1.0,KG,1.78,1.78,€
3090,7748036,mercearia,Fermento em Pó,6.0,KG,1.14,12.67,€
3091,7642102,mercearia,Bolachas Fingers de Chocolate Negro,0.114,KG,2.49,21.84,€
3092,6903966,mercearia,Massa de Lentilhas Vermelhas sem Glúten,0.25,KG,3.72,14.88,€
3093,7251249,mercearia,Bolachas Organic Cookies,0.15,KG,2.74,18.27,€
3094,7327120,mercearia,Gomas Amoras sem Glúten,0.3,KG,1.79,5.97,€
3095,7486922,mercearia,Papa Infantil Farinha Láctea Crescimento +6M,0.25,KG,3.29,13.16,€
3096,2003352,mercearia,Louro Moído em Frasco,0.024,KG,2.19,91.25,€
3097,6245723,mercearia,Bicarbonato de Sódio Alimentar,0.4,KG,1.89,4.73,€
3098,4235496,mercearia,Papa Infantil Farinha Láctea 8 Cereais e Mel +6M,2.0,LT,2.39,4.78,€
3099,6217938,mercearia,Vinagre Balsâmico de Modena Gourmet,0.25,LT,2.31,9.24,€
3100,5048495,mercearia,Vinagre de Vinho Tinto Pet,0.5,LT,1.62,3.24,€
3101,7678670,mercearia,Cereais Trigo Integral,0.86,KG,6.99,8.13,€
3102,7375249,mercearia,Taco Shells,0.156,KG,3.49,22.37,€
3103,7285787,mercearia,Farinha de Aveia,1.0,KG,2.39,2.39,€
3104,7163114,mercearia,Cápsulas de Café Ristretto Napoli Int 13,3.0,UN,15.99,0.33,€
3105,5615876,mercearia,Pasta Wasabi,0.045,KG,4.59,102.00,€
3106,7447022,mercearia,Bombons de Chocolate Praliné,0.18,KG,2.49,13.83,€
3107,2680883,mercearia,Cereais Corn Flakes Zero,0.375,KG,2.59,6.91,€
3108,7741171,mercearia,Cápsulas de Café Baunilha,10.0,UN,3.89,3.89,€
3109,5592995,mercearia,Barras de Cereais Delice Chocolate e Avelã Fitness,0.135,KG,1.99,14.74,€
3110,5610197,mercearia,Tremoço Miúdo,3.5,KG,4.49,2.25,€
3111,2859140,mercearia,Tortilhas Milho e Trigo,0.335,KG,3.49,10.42,€
3112,6776174,mercearia,Snack Aperitivo Hummus e Sal Marinho,0.135,KG,2.65,19.63,€
3113,6649508,mercearia,Creme de Abóbora e Batata Doce Gourmet,0.07,KG,1.99,28.43,€
3114,7029246,mercearia,Tâmara Seca com Caroço,0.2,KG,1.39,6.95,€
3115,6725440,mercearia,"Super Pequeno Almoço Aveia, Chia e Amendoim sem Glúten",0.3,KG,4.44,14.80,€
3116,5915253,mercearia,Chá Verde Hortelã-Pimenta Selénio Detox Saquetas,20.0,UN,2.84,0.14,€
3117,7298540,mercearia,Especialidade de Tofu Lata 8 un sem Glúten,0.424,KG,2.79,17.44,€
3118,7479238,mercearia,Molho Piri-piri Extra,0.1,LT,0.89,8.90,€
3119,3762072,mercearia,Caramelos Original,0.135,KG,2.39,17.70,€
3120,7588178,mercearia,Pimentão Doce (Colorau) em Saqueta,0.035,KG,1.19,34.00,€
3121,5615893,mercearia,Molho Teriyaki,0.19,LT,3.35,17.63,€
3122,6395062,mercearia,Saqueta de Fruta Maçã e Morango +3A,0.09,KG,0.83,9.22,€
3123,7642161,mercearia,Barra Proteica de Amendoim Billion,0.065,KG,1.69,26.00,€
3124,5048524,mercearia,Molho Suculento Frango no Forno Barbecue em Saqueta,0.032,KG,1.19,37.19,€
3125,7165396,mercearia,Doce Morango,0.28,KG,3.29,11.75,€
3126,7463444,mercearia,Noz Pecan Torrada com Sal,0.15,KG,4.39,29.27,€
3127,7027181,mercearia,Bolachas Butter Cookies Lata Clássica,0.454,KG,6.59,14.52,€
3128,4449160,mercearia,Jardineira Receita Caseira,0.42,KG,3.99,9.50,€
3129,7209848,mercearia,Canela em Pau em Frasco,0.017,KG,0.84,49.41,€
3130,7386769,mercearia,Chocolate Nutrageous,0.047,KG,1.59,33.83,€
3131,7730748,mercearia,Tablete de Chocolate Culinária 70%,0.2,KG,3.99,19.95,€
3132,2005816,mercearia,Pudim de Caramelo,0.022,KG,0.64,29.09,€
3133,6046659,mercearia,Açafrão da Índia em Saqueta,0.045,KG,0.59,13.11,€
3134,2820739,mercearia,Barras Substitutas Refeição Iogurte de Limão,0.128,KG,5.14,40.16,€
3135,6259562,mercearia,Café Moído Torrado Moagem Universal Origins Colombia Int 8,0.22,KG,2.59,11.77,€
3136,2830167,mercearia,Ovo de Chocolate de Leite com Surpresa Kinder Joy,3.0,KG,2.89,48.17,€
3137,7147995,mercearia,Refeição para Bebé Legumes com Vitela +6M,0.19,KG,1.64,8.63,€
3138,7217508,mercearia,Tablete de Chocolate de Leite Culinária sem Glúten,0.2,UN,2.09,2.09,€
3139,6772178,mercearia,Rebuçados de Canela,0.032,KG,0.94,29.38,€
3140,5656406,mercearia,Tablete de Chocolate de Leite Bubbly,0.09,KG,1.39,15.44,€
3141,7003017,mercearia,Tablete de Chocolate com Laranja e Amêndoa Excellence 70% Cacau,0.1,KG,2.99,29.90,€
3142,2952409,mercearia,Pastilhas Elásticas Sortidas,0.06,KG,0.86,14.33,€
3143,6834616,mercearia,Cápsulas de Café Espresso Intenso Int 7,3.0,UN,15.99,0.33,€
3144,5818313,mercearia,Açúcar Branco com Stevia,0.5,KG,2.07,4.14,€
3145,7244151,mercearia,Nestlé Dark Tablete de Chocolate Negro com Amêndoa sem Glúten,0.27,KG,4.25,15.74,€
3146,2093736,mercearia,Gelatina em Pó de Morango,2.0,KG,0.99,5.82,€
3147,6818473,mercearia,Doce de Morango,0.24,KG,3.89,16.21,€
3148,5080732,mercearia,Marmelada Light,0.4,KG,3.49,8.73,€
3149,7407093,mercearia,Cápsulas de Café Buondi Intenso Int 10,30.0,UN,9.99,0.33,€
3150,5539300,mercearia,Café Solúvel Gold,0.2,KG,8.64,43.20,€
3151,2422238,mercearia,Beijinhos de Pombal,0.09,KG,3.09,34.33,€
3152,7537077,mercearia,Mistura de Ervas Italianas,0.011,KG,2.29,208.18,€
3153,7504705,mercearia,Drageias de Chocolate,0.2,KG,2.99,14.95,€
3154,3821313,mercearia,Taça de Marmelada,0.35,KG,4.29,12.26,€
3155,6553176,mercearia,Barras de Cereais Amendoins e Amêndoas com Caramelo Salgado sem Glúten,0.16,KG,3.99,24.94,€
3156,7466427,mercearia,Maionese sem Glúten,0.25,LT,1.49,5.96,€
3157,3826783,mercearia,Tablete de Chocolate Branco Culinária sem Glúten,0.2,KG,1.94,9.70,€
3158,6407158,mercearia,Broa Batata Doce,0.3,KG,3.59,11.97,€
3159,7327117,mercearia,Gomas Ácidas Tubos,0.1,KG,0.69,6.90,€
3160,4301681,mercearia,Dips Crazy de Morango,0.016,KG,0.7,43.75,€
3161,7084679,mercearia,Bolachas Suecas de Aveia e Chocolate,0.15,KG,1.99,13.27,€
3162,2735689,mercearia,Arroz Selvagem,0.5,KG,3.57,7.14,€
3163,6628173,mercearia,Piri-piri Moído em Frasco,0.041,KG,0.59,14.39,€
3164,7545891,mercearia,Creme de Barrar de Cacau e Avelãs,0.6,KG,5.29,8.82,€
3165,5301633,mercearia,Azeite Virgem Extra Premium Seleção,0.5,LT,8.3,16.60,€
3166,7443354,mercearia,Marmelada Nature,0.25,KG,3.99,15.96,€
3167,6820355,mercearia,Marmelada,0.25,KG,3.95,15.80,€
3168,7741159,mercearia,Cápsulas de Café New York Int 10,18.0,UN,6.49,0.36,€
3169,4968724,mercearia,Especiarias Orientais em Frasco,0.032,KG,2.16,67.50,€
3170,6753237,mercearia,Barra Amêndoa e Frutas sem Glúten,0.075,KG,1.59,21.20,€
3171,7407778,mercearia,Cápsulas de Café Int 9,10.0,UN,3.59,0.36,€
3172,6686860,mercearia,Tablete de Chocolate Negro 90% Cacau sem Glúten,0.1,KG,2.99,29.90,€
3173,3869325,mercearia,Cápsulas de Chocolate Quente Chococino,16.0,UN,6.49,0.41,€
3174,7200879,mercearia,"Papa Infantil Láctea Maçã, Frutos do Bosque e Aveia +8M",0.2,KG,3.49,17.45,€
3175,2501539,mercearia,Cereais Special K Frutos Vermelhos,0.3,KG,2.84,9.47,€
3176,6046640,mercearia,Cravinho Grão em Saqueta,0.03,KG,1.29,43.00,€
3177,3580882,mercearia,Tablete de Chocolate com Biscoito e Caramelo,0.1,KG,1.74,17.40,€
3178,6917645,mercearia,Noodles de Vitela,0.064,KG,1.34,20.94,€
3179,7458644,mercearia,Massa Gnochi,0.5,KG,2.97,5.94,€
3180,7614084,mercearia,Bolachas Monstrinho,3.0,KG,2.19,3.65,€
3181,7549456,mercearia,Massa Fusilli de Lentilhas Vermelhas sem Glúten,0.25,KG,4.14,16.56,€
3182,6798895,mercearia,Pepitas de Chocolate 43% Cacau sem Glúten,0.2,KG,2.19,10.95,€
3183,4872846,mercearia,Infusão Rooibos e Hibisco Pyramid Saquetas,20.0,UN,1.94,0.10,€
3184,6267175,mercearia,Sortido de Bolachas,0.21,KG,3.39,16.14,€
3185,4879588,mercearia,Mostarda em Grão em Frasco,0.048,KG,2.09,43.54,€
3186,4366043,mercearia,Drageias de Peppermint,0.035,KG,2.3,65.71,€
3187,7424593,mercearia,Bulgur Wok,0.5,KG,2.29,4.58,€
3188,7010179,mercearia,Infusão Sono Tranquilo Saquetas,10.0,UN,0.79,0.08,€
3189,7452954,mercearia,Miolo de Amêndoa Granulado Torrado,0.2,KG,2.99,14.95,€
3190,7626067,mercearia,Corn Flakes Estaladiços,0.35,KG,2.69,7.69,€
3191,7208745,mercearia,Cereais Starz com Mel,0.65,KG,3.95,6.08,€
3192,7703704,mercearia,Bolachas de Aveia e Caramelo Salgado,0.2,KG,2.39,11.95,€
3193,6553174,mercearia,Barras de Cereais Crunchy Aveia e Chocolate Negro,0.21,KG,3.19,15.19,€
3194,5678925,mercearia,Mousse de Chocolate,0.15,KG,1.09,7.27,€
3195,7377068,mercearia,Chá Verde e Menta Pyramid Saquetas,20.0,UN,1.64,0.08,€
3196,7306196,mercearia,Muesli Superior,0.4,KG,5.99,14.98,€
3197,2634572,mercearia,Molho Piri-piri,0.05,LT,2.59,51.80,€
3198,6707182,mercearia,Pastilhas Elásticas de Morango,0.084,KG,3.29,39.17,€
3199,4708318,mercearia,Doce Tomate,0.25,KG,3.49,13.96,€
3200,2595132,mercearia,Creme Chocolate,0.2,KG,2.99,14.95,€
3201,4963161,mercearia,Bolonhesa,0.5,KG,3.89,9.26,€
3202,7330836,mercearia,Bolas Energéticas de Amendoim e Banana,0.034,KG,0.99,29.12,€
3203,3692091,mercearia,Massa Esparguete à Bolonhesa,0.16,KG,1.49,9.31,€
3204,7696336,mercearia,Patê de Faisão com Armanhaque,0.18,KG,2.99,16.61,€
3205,5011766,mercearia,Dragueias de Eucalipto,0.07,KG,4.0,57.14,€
3207,7422362,mercearia,Bolachas Wafers Coco,0.18,KG,2.19,12.17,€
3208,4708210,mercearia,Doce Abóbora,0.25,KG,3.49,13.96,€
3209,7071709,mercearia,Sal Grosso com Menos 33% Sódio,0.75,KG,2.49,3.32,€
3210,2003827,mercearia,Caramelos de Fruta sem Glúten,0.25,KG,2.99,11.96,€
3211,2810381,mercearia,Tablete de Chocolate com Sabor a Fruta,3.0,KG,1.99,33.17,€
3212,4026566,mercearia,Cravinho Grão em Frasco,0.023,KG,2.59,112.61,€
3213,7386663,mercearia,Preparado para Base para Panquecas,0.2,KG,2.69,13.45,€
3214,7374506,mercearia,Massa Soba Noodles,0.3,KG,1.87,6.23,€
3215,5896406,mercearia,Farinha de Espelta Integral,0.5,KG,2.59,5.18,€
3216,2016297,mercearia,Pickles sem Glúten,0.35,KG,2.84,13.52,€
3217,6272151,mercearia,"Saqueta de Fruta Banana, Morango e Iogurte +12M",0.09,KG,1.16,12.89,€
3218,7443382,mercearia,Gomas Morangos Selvagens Rech,0.18,KG,2.49,13.83,€
3219,3877764,mercearia,Tablete de Chocolate Extra Noir 70% Cacau,0.1,KG,2.64,26.40,€
3220,2005389,mercearia,Ovo de Chocolate de Leite Kinder Surpresa,3.0,KG,3.69,61.50,€
3221,7208254,mercearia,Levedura Fresca em Cubinhos,0.05,KG,0.59,11.80,€
3222,5125687,mercearia,Bolachas Diet Fibra Multifrutas,0.144,KG,3.29,22.85,€
3223,7412246,mercearia,Bebida Solúvel de Chicória e Café,0.25,KG,2.89,11.56,€
3224,5112809,mercearia,Bolo com Recheio de Chocolate,0.342,KG,4.29,12.54,€
3225,5800165,mercearia,Molho Piri-piri com Alho e Louro sem Glúten,0.075,LT,2.09,27.87,€
3226,6433393,mercearia,Gelatina em Pó de Frutos do Bosque,0.031,KG,2.09,67.42,€
3227,7629310,mercearia,Café Moído Torrado Moagem Universal Manizales Int 7,0.22,KG,4.49,20.41,€
3228,7003016,mercearia,Tablete de Chocolate de Leite,0.1,KG,2.99,29.90,€
3229,4878225,mercearia,Infusão Borututo Saquetas,10.0,UN,1.89,0.19,€
3230,5211588,mercearia,Gelatina em Pó Light de Frutos Tropicais,2.0,KG,2.09,69.67,€
3231,6818260,mercearia,Arroz Integral Longo,0.5,KG,1.12,2.24,€
3232,5313388,mercearia,Sucedâneo Caviar Preto Caviartic,0.075,KG,2.69,35.87,€
3233,5883535,mercearia,Tortitas de Milho e Chia sem Glúten,0.12,KG,2.59,21.58,€
3234,6881484,mercearia,Açúcar de Cana Integral,0.5,KG,1.99,3.98,€
3235,5186567,mercearia,Biscoitos Cálcio com Cacau,0.25,KG,2.69,10.76,€
3236,5356825,mercearia,Salsichas de Porco Lata 6 un sem Glúten,0.35,KG,1.85,11.56,€
3237,6952363,mercearia,Cereais Fitness,0.64,KG,6.09,9.52,€
3238,2004742,mercearia,Cereais Chocapic,0.375,KG,2.44,6.51,€
3239,7628797,mercearia,Boião de Fruta Maçã Golden +4M,2.0,KG,2.3,9.58,€
3240,5905122,mercearia,Gelatina em Pó de Morango,2.0,KG,1.89,11.12,€
3241,5052074,mercearia,Preparado para Mousse de Maracujá,0.08,KG,1.79,22.38,€
3242,6395649,mercearia,Pão Indiano Super Naan,0.45,KG,3.25,7.22,€
3243,6147633,mercearia,Vinagre de Sidra 100%,0.5,LT,2.12,4.24,€
3244,5905123,mercearia,Gelatina em Pó de Ananás,2.0,KG,1.89,11.12,€
3245,2060847,mercearia,Coco Ralado,0.2,KG,1.85,9.25,€
3246,2507878,mercearia,Alho Triturado com Moinho em Frasco,0.04,KG,2.89,72.25,€
3247,7622131,mercearia,Cápsulas de Café Intenso Int 9,30.0,UN,8.89,0.30,€
3248,7543879,mercearia,Pasta de Azeitona Picante,0.1,KG,1.69,16.90,€
3249,6104251,mercearia,Cápsulas de Café Espresso Ristreto Ardenza Int 11,3.0,UN,15.99,0.33,€
3250,6111759,mercearia,Vinagre de Uvas Vale da Rosa,0.5,LT,1.72,3.44,€
3251,7012862,mercearia,Massa Tagliatelle Nido com Ovo,0.25,KG,1.5,6.00,€
3252,6939178,mercearia,Massa Instantânea de Camarão Pot,0.065,KG,1.02,15.69,€
3253,7443385,mercearia,Gelatina Pronta 4 Sabores Gelli Light,0.4,KG,1.28,3.20,€
3254,6989389,mercearia,Cápsulas de Café Espresso Blonde Int 6,12.0,UN,4.99,0.42,€
3255,6118065,mercearia,Rebuçados de Mel e Limão,0.032,KG,0.94,29.38,€
3256,7169566,mercearia,Café Moído Torrado Moagem Universal Indonésia Int 8,0.22,KG,2.59,11.77,€
3257,5340773,mercearia,Arroz Integral Extra Longo,1.0,KG,1.4,1.40,€
3258,6297555,mercearia,Tablete de Chocolate Extra Cacau,0.1,KG,1.74,17.40,€
3259,4970163,mercearia,Leite de Coco Light,0.4,LT,2.24,5.60,€
3260,6589334,mercearia,Rebuçados Mini Mints de Menta,0.0125,KG,1.29,99.23,€
3261,6507031,mercearia,Farinha Amido de Milho sem Glúten,0.4,KG,1.29,3.23,€
3262,7399132,mercearia,Cereais Bolinhas de Cacau +12M,0.125,KG,2.99,23.92,€
3263,5877213,mercearia,Snack de Chocolate e Avelã Dairy Milk,0.045,KG,1.05,23.33,€
3264,7481110,mercearia,Sopa de Cogumelos,0.062,KG,1.19,19.19,€
3265,7573119,mercearia,Tablete de Chocolate de Leite e Avelã,0.18,KG,3.99,22.17,€
3266,6447186,mercearia,Tablete de Chocolate Negro 90% Cacau,0.08,KG,1.99,24.88,€
3267,7305433,mercearia,Café Moído Qualitá Rossa Int 5,0.25,KG,3.19,12.76,€
3268,4563709,mercearia,Sal Marinho Especial Saladas,0.25,KG,0.84,3.36,€
3269,7405493,mercearia,Infusão Defence com Vitamina C Saquetas,20.0,UN,2.84,0.14,€
3270,5665118,mercearia,Tablete de Chocolate Culinária com Stévia sem Glúten,0.2,KG,3.29,16.45,€
3271,7648307,mercearia,Preparado para Arroz Doce,0.12,KG,1.09,9.08,€
3272,7144654,mercearia,Barra de Noz e Caramelo Torrado sem Glúten,0.05,KG,2.49,49.80,€
3273,2989404,mercearia,Sortido de Bolachas Princesa,0.4,KG,3.99,9.98,€
3274,2826908,mercearia,Noz Moscada Moída em Frasco,0.032,KG,2.69,84.06,€
3275,7209860,mercearia,Pimenta Branca em Grão em Saqueta,0.05,KG,0.99,19.80,€
3276,7329339,mercearia,Snack de Chocolate Negro com Amendoim 50% Cacau,0.03,KG,0.99,33.00,€
3277,7302316,mercearia,Café Moído Crema e Gusto Clássico Int 7,0.25,KG,2.79,11.16,€
3278,5810534,mercearia,Papa Infantil Farinha Não Láctea de Cereais +6M,0.75,KG,3.49,4.65,€
3279,7047899,mercearia,Molho Barbecue Top Down,0.32,KG,1.69,5.28,€
3280,2666531,mercearia,Snack de Chocolate com Biscoito e Caramelo,5.0,KG,2.89,11.56,€
3281,7692290,mercearia,Tablete de Chocolate Branco,0.09,KG,2.69,29.89,€
3282,7215466,mercearia,Saqueta de Fruta Maçã e Pera +3A,0.09,KG,0.83,9.22,€
3283,2260331,mercearia,Pastilhas Elásticas Peppermint,0.0145,KG,0.99,70.71,€
3284,6790281,mercearia,Palitos com creme,0.03,KG,0.99,33.00,€
3285,5214166,mercearia,Leite Condensado Magro,0.387,KG,2.59,6.69,€
3286,4806871,mercearia,Infusão Nº1 Relax Plus Saquetas,10.0,UN,0.99,0.10,€
3287,7009543,mercearia,Tablete de Chocolate com Cheesecake de Morango,0.3,KG,4.39,14.63,€
3288,7400062,mercearia,Pastilhas Elásticas Extreme Mentol,0.014,KG,0.99,70.71,€
3289,7702580,mercearia,Cereais Corn Flakes,1.0,KG,5.49,5.49,€
3290,7154371,mercearia,Mini Wrap de Trigo,0.26,KG,1.49,5.73,€
3291,6185807,mercearia,Mostarda Dijon Frasco,0.19,KG,2.69,€14.16, 
3292,7306188,mercearia,Granola Amêndoa e Avelã,0.4,KG,5.49,13.73,€
3293,4959793,mercearia,Molho Burger Top Down,0.26,KG,1.94,7.46,€
3294,5870491,mercearia,Óleo de Coco Virgem,0.5,LT,9.99,19.98,€
3295,7641672,mercearia,Bolachas de Cereais e Chocolate,0.16,KG,2.49,15.56,€
3296,7412188,mercearia,Cereais Linha Zero,0.3,KG,2.59,8.63,€
3297,7632796,mercearia,Cabaz nº 16,1.0,KG,79.99,79.99,€
3298,6128894,mercearia,Polpa de Maracujá sem Sementes,0.565,KG,4.19,7.42,€
3299,4235495,mercearia,Papa Infantil Farinha Láctea Cereais e Fruta +6M,2.0,LT,2.39,4.78,€
3300,4139553,mercearia,Marmelada,0.5,KG,2.99,5.98,€
3301,6474473,mercearia,Flocos Aveia Finos,0.4,KG,2.25,5.63,€
3302,5328363,mercearia,Molho Piri-piri Extra Forte Sacana,0.075,LT,1.99,26.53,€
3303,5288507,mercearia,Farinha de Linhaça Amarela,0.2,KG,1.53,7.65,€
3304,7554420,mercearia,Bolachas Sésamo e Baunilha sem Glúten,0.125,KG,1.64,13.12,€
3305,3774478,mercearia,Pota com Alho,0.12,KG,2.39,31.87,€
3306,7626305,mercearia,Noz Moscada Moída,0.045,KG,2.79,62.00,€
3307,7382986,mercearia,Bolacha Crisp Bread Sésamo,0.13,KG,2.79,21.46,€
3308,6116915,mercearia,Espelta Tufada com Mel,0.175,KG,5.09,28.28,€
3309,4318420,mercearia,Farinha para Pão Brioche,0.5,KG,2.66,5.32,€
3310,7378123,mercearia,Molho Tikka Masala,0.45,KG,2.91,6.47,€
3311,7214920,mercearia,Tablete de Chocolate Branco com Oreo,0.1,KG,1.74,17.40,€
3312,7140424,mercearia,Doce Manga e Maracujá,0.28,KG,2.99,10.68,€
3313,5925688,mercearia,Nestlé Moments Tablete de Chocolate de Leite com Amendoim,0.09,KG,1.24,13.78,€
3314,6348271,mercearia,Bolo CiaoRoll com Creme de Avelã,0.222,KG,2.24,10.09,€
3315,7450620,mercearia,Drageias de Chocolate e Brownie,0.16,KG,2.99,18.69,€
3316,5637262,mercearia,Cápsulas de Café Ristretto Barista Int 9,30.0,UN,9.99,0.33,€
3317,7636121,mercearia,Bicarbonato de Sódio Alimentar em Saqueta,0.06,KG,0.99,16.50,€
3318,6194457,mercearia,Cápsulas de Café Forza Int 9,10.0,UN,3.39,0.34,€
3319,4107654,mercearia,Cápsulas de Café Qalidus Int 10,10.0,UN,3.49,0.35,€
3320,7204513,mercearia,Gengibre em Pasta sem Glúten,0.21,KG,2.8,13.33,€
3321,7365346,mercearia,Cracker Quinoa & Chia,0.25,KG,3.29,13.16,€
3322,4817242,mercearia,Chá Erva-Príncipe,0.05,KG,1.99,39.80,€
3323,7361465,mercearia,Maionese Top Down,0.25,KG,2.79,11.16,€
3324,3800773,mercearia,Sombrinhas de Chocolate de Leite,0.015,KG,0.74,49.33,€
3325,7418009,mercearia,Massa Chinesa com Ovo,0.25,KG,1.54,6.16,€
3326,5663405,mercearia,Farinha para Pão Rústico,1.0,KG,1.69,1.69,€
3327,7395971,mercearia,Sopa de Legumes Primavera,0.053,KG,1.79,2.84,€
3328,2904710,mercearia,Chá Preto e Limão Pyramid Saquetas,20.0,UN,1.89,0.09,€
3329,7240365,mercearia,Infusão SOS Garganta Saquetas,20.0,UN,1.94,0.10,€
3330,3666659,mercearia,Bombons de Chocolate Mignonnette Chocolate Negro,0.24,KG,5.99,24.96,€
3331,6629349,mercearia,Sardinha em Óleo Picante,0.12,KG,1.42,16.90,€
3332,2093643,mercearia,Pudim de Chocolate,0.11,KG,0.45,4.09,€
3333,4373767,mercearia,Feijão com Chouriço sem Glúten,0.42,KG,2.29,5.45,€
3334,7728432,mercearia,Filetes de Carapau em Azeite Biológico,0.12,KG,1.94,21.56,€
3335,5311987,mercearia,Óleo Alimentar Spray & Go,0.2,LT,1.59,7.95,€
3336,4228839,mercearia,Sementes de Sésamo,0.2,KG,1.89,9.45,€
3337,6939210,mercearia,Massa Instantânea de Carne Pot,0.065,KG,1.02,15.69,€
3338,4968781,mercearia,Caramelos com Creme,0.135,KG,2.39,17.70,€
3339,7164408,mercearia,Tablete de Chocolate com Amêndoas,0.125,KG,1.74,13.92,€
3340,6478425,mercearia,Papa Infantil Farinha Láctea com Frutas +6M,0.6,KG,4.39,7.32,€
3341,7405532,mercearia,"Bebida Cereais Cevada, Chicória e Centeio",0.2,KG,3.39,16.95,€
3342,2905480,mercearia,Bolachas Wafers com Recheio de Avelã,0.175,KG,2.39,13.66,€
3343,6634738,mercearia,Molho de Azeitonas e Oregãos,0.25,LT,1.59,6.36,€
3344,7094416,mercearia,Crackies Mini de Milho Mediterrâneas sem Glúten,0.2,KG,3.24,16.20,€
3345,2410874,mercearia,Doce 4 Frutos,0.284,KG,4.39,15.46,€
3346,7285459,mercearia,Maionese em Vidro sem Glúten,0.763,KG,5.38,7.05,€
3347,2408009,mercearia,Bolachas Cookies Pepitas de Chocolate Chips Ahoy,0.04,KG,0.99,24.75,€
3348,5072561,mercearia,Snack de Chocolate com Amendoim e Caramelo,3.0,KG,1.79,11.93,€
3349,4966863,mercearia,Cápsulas de Café Sical Int 7,30.0,UN,9.99,0.33,€
3350,4506391,mercearia,Bolachas Crackers com Sal,0.25,KG,2.29,9.16,€
3351,4244120,mercearia,Massa Esparguete Nero Di Sepia,0.5,KG,4.42,8.84,€
3352,7568221,mercearia,Doce de Tomate Fruta da Época,0.36,KG,3.44,9.56,€
3353,6453855,mercearia,Super Pequeno Almoço Banana e Cacau sem Glúten,0.3,KG,5.99,19.97,€
3354,6763526,mercearia,Pão Tostado Integral,0.27,KG,1.4,5.19,€
3355,2982434,mercearia,Barras de Cereais Chocolate All Bran,0.24,KG,3.85,16.04,€
3356,7122159,mercearia,Creme para Barrar Chocolate e Avelãs,0.18,KG,5.39,29.94,€
3357,7306184,mercearia,Granola Amêndoas Crocantes,0.4,KG,5.49,13.73,€
3358,7705487,mercearia,Bolachas Belgas Cobertas com Avelã,0.198,KG,2.49,12.58,€
3359,2232432,mercearia,Arroz Integral,1.0,KG,4.23,4.23,€
3360,7140421,mercearia,Doce 4 Frutos,0.28,KG,2.99,10.68,€
3361,7416423,mercearia,Tablete Excellence Mel e Amêndoas,0.1,KG,2.99,29.90,€
3362,4150270,mercearia,Snack de Chocolate de Leite Maxi,6.0,KG,2.39,18.97,€
3363,7623674,mercearia,Café Solúvel,0.2,KG,7.99,39.95,€
3364,7633046,mercearia,Vinagre de Vinho Branco Chardonnay,0.25,LT,1.99,7.96,€
3365,6919362,mercearia,Doce de Framboesa,0.24,KG,3.89,16.21,€
3366,5799764,mercearia,Molho Iogurte,0.25,LT,2.38,9.52,€
3367,5391919,mercearia,Café Moído Torrado Moagem Universal Intenso Int 10,0.22,KG,4.49,20.41,€
3368,7447291,mercearia,Mel de Flores 100% Português Top Down,0.35,KG,3.79,10.83,€
3369,7430427,mercearia,Snacks Tortilha Chips Abacate,0.135,KG,1.59,11.78,€
3370,2004947,mercearia,Canja de Galinha com Aletria,0.082,KG,1.79,21.83,€
3371,5917252,mercearia,Molho de Francesinha Picante,0.5,KG,2.69,5.38,€
3372,5800852,mercearia,Topping de Chocolate Belga,0.39,KG,3.99,10.23,€
3373,4117242,mercearia,Farinha para Pão Caseiro,1.0,KG,2.59,2.59,€
3374,7049788,mercearia,Gelatina Pronta Tangerina sem Açúcar,0.4,KG,2.14,5.35,€
3375,5815963,mercearia,Tablete de Chocolate Triple Caramelo,0.09,KG,1.74,19.33,€
3376,4436846,mercearia,Cereais Lion Caramelo e Chocolate,0.4,KG,4.49,11.23,€
3377,7251720,mercearia,Salsichas Vegetais Frasco 5 un,0.41,KG,3.34,15.18,€
3378,2167608,mercearia,Geleia Morango,0.345,KG,2.99,8.67,€
3379,5046396,mercearia,Vinagre de Vinho Branco Envelhecido,0.5,LT,3.32,6.64,€
3380,7482697,mercearia,Suplemento Péptidos de Colagénio Sabor Neutro sem Glúten,0.567,KG,41.99,74.06,€
3381,6823923,mercearia,Curcuma,0.042,KG,2.69,64.05,€
3382,3869953,mercearia,Bombons de Chocolate de Leite Lindor,0.2,KG,5.99,29.95,€
3383,7083224,mercearia,Gelatina Pronta Morango,0.4,KG,1.94,4.85,€
3384,4370906,mercearia,Cereais de Cacau Milly Magic sem Glúten,0.25,KG,5.0,20.00,€
3385,7004287,mercearia,Couscous Mediterrâneo sem Sal Adicionado,0.3,KG,3.66,12.20,€
3386,7200743,mercearia,Papa Infantil Láctea Frutos Variados +6M,0.2,KG,3.49,17.45,€
3387,4715680,mercearia,Esses de Limão,0.4,KG,3.39,8.48,€
3388,2966038,mercearia,Feijão Manteiga Cozido,0.56,KG,1.99,4.98,€
3389,4311024,mercearia,Rebuçados Peitorais,0.2,KG,1.09,5.45,€
3390,7450622,mercearia,Tablete de Chocolate de Leite e Amendoim,0.165,KG,1.99,12.06,€
3391,4921232,mercearia,Leite em Pó Supreme H.A. para Lactentes Desde o Nascimento 1 até 6M sem Glúten,0.8,KG,25.99,32.49,€
3392,7484291,mercearia,Doce de Cereja,0.25,KG,2.39,9.56,€
3393,7068267,mercearia,Aroma de Baunilha Líquido,0.025,LT,1.64,65.60,€
3394,4895368,mercearia,Cápsulas de Café Latte Caramel Macchiato,16.0,UN,6.49,0.41,€
3395,2571785,mercearia,Azeite Virgem Extra,0.5,LT,6.78,13.56,€
3396,5206324,mercearia,Tostas Suecas,0.225,KG,1.31,5.82,€
3397,7648306,mercearia,Preparado para Bolo de Amêndoa,0.4,KG,1.79,4.48,€
3398,7656676,mercearia,Rebuçados Recheados de Fruta,0.45,KG,2.49,5.53,€
3399,7641674,mercearia,Bolachas de Cereais e Sementes,0.16,KG,2.49,15.56,€
3400,7523648,mercearia,Doce de Figo,0.25,KG,2.79,11.16,€
3401,5848211,mercearia,Adoçante Stevia 40 Sticks,0.04,UN,1.45,1.45,€
3402,7626343,mercearia,Mistura de Pimentas em Grão em Saqueta,0.025,KG,3.09,123.60,€
3403,5011714,mercearia,Drageias Mint de Eucalipto,0.035,KG,2.3,65.71,€
3404,3646801,mercearia,Chá Preto Saquetas,10.0,UN,0.69,0.07,€
3405,2005644,mercearia,Bebida de Chocolate Solúvel,0.4,KG,6.84,17.10,€
3406,7255498,mercearia,Especiarias para Peixe em Frasco,0.127,KG,2.16,58.38,€
3407,5072304,mercearia,Bolachas Maria Dorada,0.6,KG,4.04,6.73,€
3408,6591124,mercearia,Creme para Barrar Cacau e Avelãs Duo,0.75,KG,3.29,4.39,€
3409,7543167,mercearia,Farinha Não Láctea Crescimento +6M,0.25,KG,2.55,10.20,€
3410,7644007,mercearia,Bolachas Crackers Cacau e Avelã,0.164,KG,2.99,18.23,€
3411,5568725,mercearia,Compota 4 Frutos Vermelhos,0.37,KG,4.49,12.14,€
3412,2822491,mercearia,Couscous,0.5,KG,1.68,3.36,€
3413,7648046,mercearia,Gomas Línguas Multicolor,0.09,KG,1.39,15.44,€
3414,6532792,mercearia,Bolachas Crocantes Recheadas com Chocolate B-Ready,0.088,KG,1.19,27.05,€
3415,5038756,mercearia,Sopa Rabo de Boi,0.06,KG,1.19,19.83,€
3416,7520720,mercearia,Vinagre de Maçã Alcobaça,0.25,LT,1.89,7.56,€
3417,6646119,mercearia,Manteiga de Amendoim Pedaços sem Glúten,0.34,KG,1.79,5.26,€
3418,2193654,mercearia,Molho para Massa de Pimento sem Glúten,0.2,KG,2.39,11.95,€
3419,7320167,mercearia,Fermento para Massas Doces sem Glúten,0.04,UN,1.79,1.79,€
3420,2340420,mercearia,Farinha de Milho sem Glúten,1.0,KG,2.65,2.65,€
3421,6552638,mercearia,Chá Cold Daiquiri Saquetas,10.0,UN,1.34,0.13,€
3422,3809485,mercearia,Amêndoa Laminada,0.125,KG,4.29,34.32,€
3423,5092124,mercearia,Pastilhas Elásticas de Sabores Sortidos Super,3.0,KG,1.29,13.44,€
3424,5895756,mercearia,Manteiga de Amendoim Crocante,0.227,KG,4.24,18.68,€
3425,7452948,mercearia,Doce de Alperce Intense,0.335,KG,3.99,11.91,€
3426,4595270,mercearia,Papa Infantil Não Láctea Bolacha Maria +6M,0.25,KG,2.59,10.36,€
3427,5884083,mercearia,Cápsulas de Café Ristretto Ardenza Int 11,30.0,UN,9.99,0.33,€
3428,5550365,mercearia,Rebuçados de Melancia sem Glúten,4.0,KG,2.99,23.36,€
3429,7400636,mercearia,Snacks Batata Flame Sabor Barbeque Picante,0.16,KG,2.24,14.00,€
3430,4878655,mercearia,Bolachas Integrais de Alfarroba,0.22,KG,2.59,11.77,€
3431,6716057,mercearia,Infusão Peppermint Saquetas,20.0,UN,3.59,0.18,€
3432,7620920,mercearia,Bolachas Mini Digestivas Chocolate de Leite,0.114,KG,1.99,18.09,€
3433,5455841,mercearia,Molho Salsa Guacamole,0.195,KG,2.89,14.82,€
3434,6817204,mercearia,Massa Noodles,0.25,KG,3.0,12.00,€
3435,6589642,mercearia,Massa Disney Mickey,0.3,KG,1.87,6.23,€
3436,2003676,mercearia,Pota em Caldeirada,0.12,KG,2.39,31.87,€
3437,7422044,mercearia,Bolacha Digestiva com Pepitas de Chocolate,0.338,KG,2.99,8.85,€
3438,7329336,mercearia,Snack de Chocolate Negro com Cajú 50% Cacau sem Glúten,0.03,KG,0.99,33.00,€
3439,7618345,mercearia,Bolacha Digestiva Avenacol,0.25,KG,2.99,11.96,€
3440,7282126,mercearia,Condimento Azeite Virgem Extra Aroma Alecrim,0.25,LT,2.82,11.28,€
3441,2003335,mercearia,Cominhos Moídos em Saqueta,0.05,KG,1.69,33.80,€
3442,6707175,mercearia,Pastilhas Elásticas de Spearmint,0.084,KG,3.29,39.17,€
3443,2965777,mercearia,Feijão Branco Cozido,0.41,KG,1.29,4.96,€
3444,2094009,mercearia,Batata Frita Rodelas Caseira,0.18,KG,1.99,11.06,€
3445,6233042,mercearia,Gelatina em Pó Vegetal de Ananás,0.18,KG,2.39,13.28,€
3446,7320839,mercearia,Cápsulas de Café com Aveia Int 5,12.0,UN,5.89,0.49,€
3447,7626854,mercearia,Cápsulas de Café Guatemala Int 5,10.0,UN,3.89,3.89,€
3448,7170394,mercearia,Sardinha em Tomate,0.12,KG,1.99,23.69,€
3449,7172332,mercearia,Rebuçados Energy Ice Tea,0.032,KG,0.94,29.38,€
3450,5966037,mercearia,Patê de Camarão,4.0,KG,1.79,20.34,€
3451,7251574,mercearia,Manteiga de Amêndoa 100% sem Glúten,0.2,KG,5.99,29.95,€
3452,6556962,mercearia,Farinha de Amêndoa sem Glúten,0.2,KG,7.49,37.45,€
3453,7741156,mercearia,Café Solúvel Gold Refill,0.15,KG,6.74,44.93,€
3454,6161810,mercearia,Molho Picante Chipotle sem Glúten,0.06,LT,3.19,53.17,€
3455,7330840,mercearia,Bolas Energéticas de Avelã e Cacau,0.034,KG,0.99,29.12,€
3456,7251778,mercearia,Bolachas Cracker Aveia e Sementes de Girassol,0.15,KG,2.29,15.27,€
3457,2963039,mercearia,Farinha de Arroz Integral,0.5,KG,2.75,5.50,€
3458,7422933,mercearia,Bolachas Cookies de Chocolate com Caramelo,0.162,KG,3.89,24.01,€
3459,4695123,mercearia,Tomate Triturado,0.5,KG,2.55,5.10,€
3460,4502986,mercearia,Massa Linguine Al Pesto,0.5,KG,2.53,5.06,€
3461,7383382,mercearia,Mistura Chinesa sem Glúten,0.56,KG,1.15,6.39,€
3462,4577985,mercearia,Bolachas Maria Douradas,0.4,KG,3.54,8.85,€
3463,6616618,mercearia,Snack de Chocolate Branco Kinder Bueno,4.0,KG,3.49,22.37,€
3464,7754423,mercearia,Molho Agridoce Top Down sem Glúten,0.28,KG,2.99,10.68,€
3465,6593698,mercearia,Snack de Chocolate de Leite e Manteiga de Amendoim Kit Kat,0.168,KG,3.89,23.15,€
3466,2915740,mercearia,Barras de Cereais Chocolate de Leite Línea,0.12,KG,3.59,29.92,€
3467,6753429,mercearia,Barra Amendoim sem Glúten,0.075,KG,1.59,21.20,€
3468,6255370,mercearia,Pimenta Preta Moída do Brasil em Frasco,0.032,KG,3.19,99.69,€
3469,2003840,mercearia,Caramelos de Leite sem Glúten,0.25,KG,2.99,11.96,€
3470,2004612,mercearia,Alcaparras em Vinagre,0.1,KG,2.39,39.83,€
3471,7626303,mercearia,Snack de Chocolate Extrafino,0.034,KG,0.85,25.00,€
3472,4449161,mercearia,Almôndegas,0.5,KG,3.99,9.50,€
3473,4954629,mercearia,Puré Maçã e Mirtilo,2.0,KG,2.35,11.75,€
3474,7384605,mercearia,Saqueta To Go Farinha Láctea +12M,0.11,KG,1.09,9.91,€
3475,4871983,mercearia,Café Solúvel Creme,0.08,KG,2.09,26.13,€
3476,5333314,mercearia,Farinha de Centeio,0.5,KG,1.61,3.22,€
3477,7526165,mercearia,Pedaços Vegan Sabor a Frango,0.16,KG,3.09,19.31,€
3478,6335939,mercearia,Cápsulas de Cafés Int 7,10.0,UN,4.59,0.46,€
3479,6582052,mercearia,Infusão Relax Saquetas,10.0,UN,1.09,0.11,€
3480,6418264,mercearia,Molho de Soja Premium,0.15,LT,3.29,21.93,€
3481,7200724,mercearia,"Papa Infantil Não Láctea Espelta, Morango e Framboesa +8M",0.2,KG,3.19,15.95,€
3482,2188765,mercearia,Caramelos com Pinhão sem Glúten,0.2,KG,4.18,20.90,€
3483,7499719,mercearia,Bolachas com Recheio de Caramelo e Baunilha Remix,0.157,KG,1.79,11.40,€
3484,5825458,mercearia,Snack de Chocolate Branco Kit Kat,3.0,KG,2.26,18.23,€
3485,2004445,mercearia,Patê de Salmão,0.077,KG,2.39,31.04,€
3486,3851724,mercearia,Caramelos Cappuccino,0.09,KG,2.39,26.56,€
3487,7526755,mercearia,Bolachas Finas Aveia com Cobertura de Chocolate Negro,0.15,KG,1.54,10.27,€
3488,4706908,mercearia,Creme de Lagosta,0.061,KG,1.59,26.07,€
3489,7295654,mercearia,Patê com Pimenta Negra,0.1,KG,2.39,23.90,€
3490,7443380,mercearia,Gomas DoyPack Mini Mix Brilho,0.18,KG,2.49,13.83,€
3491,7748037,mercearia,Açúcar Baunilhado,10.0,KG,0.84,10.50,€
3492,7322929,mercearia,Tempero Esparguete à Carbonara em Saqueta,0.036,KG,0.99,2.75,€
3493,7641692,mercearia,Bolachas com Cobertura de Bolo Glaceado Donuts Finas,0.15,KG,1.99,13.27,€
3494,4022143,mercearia,Rebuçados de Limão e Melisa sem Glúten,0.1,KG,2.59,25.90,€
3495,6938792,mercearia,Crocantes de Quinoa sem Glúten,0.2,KG,2.99,14.95,€
3496,5902748,mercearia,Gelatina em Pó Zero% de Kiwi,0.028,KG,1.04,37.14,€
3497,5413081,mercearia,Café Moído Torrado Moagem Universal Original Int 9,0.22,KG,4.49,20.41,€
3498,2172040,mercearia,Chá Preto English Nº1 Saquetas,20.0,UN,4.05,0.20,€
3499,4540435,mercearia,Cápsulas de Achocolatado Nesquik,16.0,UN,6.49,0.41,€
3500,5373111,mercearia,Tablete de Chocolate de Leite Dairy Milk,0.11,KG,2.99,27.18,€
3501,6718364,mercearia,Wrap Integral,0.32,KG,1.62,5.06,€
3502,2897332,mercearia,Patê de Atum em Óleo sem Glúten,0.075,KG,1.96,26.13,€
3503,5437495,mercearia,Granola,0.5,KG,5.29,10.58,€
3504,3907383,mercearia,Batata Frita Ondulada Presunto,0.045,KG,1.05,23.33,€
3505,7652386,mercearia,Rebuçados de Mentol com Mel,0.072,KG,1.99,27.64,€
3506,7334303,mercearia,Farinha de Amêndoa sem Glúten,0.4,KG,13.99,34.98,€
3507,7003012,mercearia,Bombons de Chocolate Negro com Menta e Laranja,0.2,KG,3.44,17.20,€
3508,7147996,mercearia,Refeição para Bebé Esparguete com Frango +10M,0.19,KG,1.64,8.63,€
3509,7094368,mercearia,Crackies de Arroz Integral com Chocolate Preto sem Glúten,0.13,KG,2.27,17.46,€
3510,6720745,mercearia,Snack de Chocolate Kinder Délice,0.156,KG,2.49,15.96,€
3511,2834624,mercearia,Boião de Fruta Maça e Manga +6M,4.0,KG,2.44,6.10,€
3512,7625854,mercearia,Flocos Aveia Finos Integral,1.0,KG,2.69,2.69,€
3513,4102754,mercearia,Pastilhas Elásticas de Frutos Vermelhos sem Glúten,0.03,KG,1.85,61.67,€
3514,7214630,mercearia,Cápsulas de Café Brasil Int 9,10.0,UN,2.29,0.23,€
3515,4673777,mercearia,Bolachas Tradicionais Integrais,0.25,KG,2.29,9.16,€
3516,6753462,mercearia,Barra Crua Coco e Chia sem Glúten,0.09,KG,2.59,28.78,€
3517,4807620,mercearia,Crackies de Arroz Integral sem Sal sem Glúten,0.13,KG,1.59,12.23,€
3518,7657150,mercearia,Edamame Cozido,0.15,KG,1.79,13.77,€
3519,4097326,mercearia,Molho Cocktail Top Down,0.225,LT,2.99,13.59,€
3520,2283244,mercearia,Drageias de Chocolate,0.037,KG,1.15,31.08,€
3521,5551837,mercearia,Foie Gras de Pato,0.15,KG,9.89,65.93,€
3522,2966023,mercearia,Feijão Branco,0.4,KG,1.99,4.98,€
3523,7165759,mercearia,Tempero Lasanha em Saqueta,4.0,KG,0.99,19.04,€
3524,6522766,mercearia,Sal Rosa dos Himalaias Grosso,0.5,KG,1.29,2.58,€
3525,5781993,mercearia,Papa Infantil Farinha Láctea com Cereais +6M,0.5,KG,3.19,6.38,€
3526,5592873,mercearia,Bolachas Cracker,0.0313,KG,0.89,28.71,€
3527,4991508,mercearia,Palitos La Reine,0.2,KG,3.09,15.45,€
3528,6917660,mercearia,Noodles Clássico Soba,0.09,KG,1.79,19.89,€
3529,5391856,mercearia,Azeite Virgem Extra Premium,0.5,LT,5.55,11.10,€
3530,7682054,mercearia,Polpa de Ananás,0.565,UN,3.39,6.00,€
3531,2168261,mercearia,Snacks Couratos,0.05,KG,1.32,26.40,€
3532,4281976,mercearia,Puré de Maçã para Sobremesas,0.73,KG,3.59,4.92,€
3533,6262024,mercearia,Bulgur sem Glúten,0.5,KG,3.49,6.98,€
3534,7255490,mercearia,Especiarias para Aves em Frasco,0.14,KG,2.16,43.20,€
3535,6297318,mercearia,Pastilhas Elásticas Senses Berry,0.023,KG,0.99,43.04,€
3536,2003315,mercearia,Massa Aletria,0.5,KG,1.68,3.36,€
3537,6811708,mercearia,Couscous Express,0.4,KG,2.34,5.85,€
3538,6629255,mercearia,Sardinha em Óleo,0.12,KG,1.42,16.90,€
3539,7623742,mercearia,Chá Hibiscus e Laranja Saquetas,20.0,UN,1.84,0.18,€
3540,2572402,mercearia,Cereais Crunch Chocolate,0.375,KG,4.49,11.97,€
3541,2800079,mercearia,Bolachas Wafers com Recheio de Cacau,0.175,KG,2.39,13.66,€
3542,7636328,mercearia,Leite em Pó de Transição Supreme H.A. 3 +12 M,0.8,KG,21.25,26.56,€
3543,7144800,mercearia,Bagas de Zimbro em Frasco,0.028,KG,2.49,88.93,€
3544,6559323,mercearia,Mel de Flores,0.25,KG,4.89,19.56,€
3545,2858871,mercearia,Barras de Cereais Nature All-Bran,0.24,KG,3.85,16.04,€
3546,5679835,mercearia,Infusão Camomila Saquetas,10.0,UN,0.59,0.06,€
3547,2004829,mercearia,Nestlé Sobremesas Tablete de Chocolate Culinária 53% sem Glúten,0.2,KG,2.89,14.45,€
3548,7430568,mercearia,Atum Posta em Óleo,0.12,KG,1.87,23.97,€
3549,7545884,mercearia,Óleo de Coco Desodorizado,0.415,LT,6.79,16.36,€
3550,6547619,mercearia,Vinagre de Sidra 100% com Gengibre,0.5,LT,2.65,5.30,€
3551,7527105,mercearia,Barra de Cereais Chocolate de Leite Belga Special K,0.02,KG,0.49,24.50,€
3552,2535999,mercearia,Chocolate em Pó,0.125,KG,0.74,5.92,€
3553,7682065,mercearia,Gelatina Folha,0.009,KG,0.79,87.78,€
3554,7724704,mercearia,Cereais Chocolate de Leite,0.33,KG,4.49,13.61,€
3555,2003389,mercearia,Bolachas Wafers com Recheio de Cacau e Avelã,0.15,KG,1.99,13.27,€
3556,4319037,mercearia,Mel Multiflor,0.5,KG,7.49,14.98,€
3557,5180476,mercearia,Alimento Lácteo Cereais e Baunilha +6M,4.0,KG,2.79,6.97,€
3558,7708600,mercearia,Tortitas de Arroz Natural sem Glúten,0.1,KG,1.09,10.90,€
3559,7519499,mercearia,Tablete de Chocolate Leite Crispy,0.125,KG,2.99,23.92,€
3560,7381727,mercearia,Mix Frutos Secos Atividade Pack Poupança,4.0,KG,2.99,14.95,€
3561,2134725,mercearia,Bolachas Diet Fibra Integrais,0.25,KG,2.74,10.96,€
3562,7130121,mercearia,Tortitas de Arroz Doses,0.096,UN,0.99,9.17,€
3563,6645938,mercearia,Pimentão Doce,0.044,KG,2.24,50.91,€
3565,7620732,mercearia,Cápsulas de Café Descafeinado Int 7,10.0,UN,3.14,0.31,€
3566,6996724,mercearia,Amêndoa Caramelizada,0.2,KG,3.59,17.95,€
3567,2003317,mercearia,Massa Cotovelos Grandes Riscados,0.5,KG,1.5,3.00,€
3568,6603200,mercearia,Tempero Strogonoff em Saqueta,4.0,KG,0.99,30.00,€
3569,2077219,mercearia,Patê de Atum,0.088,KG,2.09,23.75,€
3570,7654285,mercearia,Patê com Queijo de Ovelha,0.09,KG,2.19,24.33,€
3571,5666328,mercearia,Gelatina em Pó de Mirtilo,0.031,KG,2.09,67.42,€
3572,7413165,mercearia,Maionese Trufas,0.22,LT,4.49,20.41,€
3573,7522662,mercearia,Tablete de Chocolate e Avelã,0.09,KG,2.69,29.89,€
3574,7536658,mercearia,Snack de Chocolate Leite Multipack,3.0,KG,1.49,15.05,€
3575,6507035,mercearia,Molho Pitta Top Down,0.285,LT,1.59,5.58,€
3576,5902759,mercearia,Gelatina em Pó Zero% de Amora,0.028,KG,1.04,37.14,€
3577,6989347,mercearia,Cápsulas de Café Single-Origin Colômbia Int 7,12.0,UN,4.99,0.42,€
3578,4817471,mercearia,Chá Tília Flor Folha,0.04,KG,2.19,54.75,€
3579,6701913,mercearia,Café Moído Torrado Moagem Universal Extreme Int 12,0.2,KG,4.49,22.45,€
3580,2877349,mercearia,Infusão Nº29 Cavalinha Saquetas,10.0,UN,1.29,0.13,€
3581,2897336,mercearia,Patê de Fiambre sem Glúten,0.077,KG,1.84,23.90,€
3582,7286283,mercearia,Cápsulas de Café Mythiq XXL Int 15,60.0,UN,18.99,0.32,€
3583,7647055,mercearia,Drageias de Chocolate,0.0575,KG,1.65,28.45,€
3584,2004739,mercearia,Café em Grão Torrado Expresso Bar,1.0,KG,12.99,12.99,€
3585,7451657,mercearia,Molho Piri-piri Clássico sem Glúten,0.05,LT,1.69,33.80,€
3586,5256119,mercearia,Crackies de Milho com Chocolate sem Glúten,0.13,KG,2.71,20.85,€
3587,7623713,mercearia,Café Moído Torrado Moagem Universal Lote Ritual Int 13,0.22,KG,3.39,15.41,€
3588,6540518,mercearia,Massa Esparguete,0.5,KG,1.31,2.62,€
3589,7291908,mercearia,Ervilhas Frasco sem Glúten,0.345,KG,1.59,7.57,€
3590,7408125,mercearia,Cápsulas de Café Fortezza Int 12,16.0,UN,3.99,0.25,€
3591,5049981,mercearia,Gelatina em Pó Light de Morango,2.0,KG,2.09,69.67,€
3592,5879394,mercearia,Tomate Seco em Óleo de Girassol,0.185,KG,5.09,27.51,€
3593,7399751,mercearia,Chá Cold Arando e Lima Saquetas,10.0,UN,1.34,0.13,€
3594,7022679,mercearia,Leite em Pó de Transição 2 +6M sem Glúten,0.8,KG,14.29,17.86,€
3595,7626338,mercearia,Pimenta Jamaica em Grão em Saqueta,0.02,KG,2.09,104.50,€
3596,7447235,mercearia,Pretzels Salgados Cobertos com Chocolate de Leite,0.125,KG,1.79,14.32,€
3597,7151134,mercearia,Ketchup Top Down sem Glúten,0.268,KG,3.59,13.40,€
3598,4345419,mercearia,Bolachas Caramelizadas,0.124,KG,1.79,14.44,€
3599,5411520,mercearia,Molho de Soja,0.15,LT,4.09,27.27,€
3600,4229781,mercearia,Nougat,6.0,KG,1.19,6.61,€
3601,5874289,mercearia,Drageias Gorila Go Fruity Morango,0.02,UN,0.76,38.00,€
3602,3870108,mercearia,Snack de Chocolate com Coco,5.0,KG,2.89,10.14,€
3603,7626321,mercearia,Drageias Milkybar,0.094,KG,2.49,26.49,€
3604,5864085,mercearia,Cápsulas de Café EpiQ Int 14,10.0,UN,3.49,0.35,€
3605,7224036,mercearia,Cápsulas de Café Rossio Int 10,16.0,UN,3.24,0.20,€
3606,7463629,mercearia,Quinoa Tricolor,0.5,KG,2.99,5.98,€
3607,6552955,mercearia,Pastilhas Elásticas de Morango,0.038,KG,0.6,15.79,€
3608,5141177,mercearia,Bebida de Chocolate Solúvel Extra Choco sem Glúten,0.39,KG,5.49,14.08,€
3609,7308600,mercearia,Pepitas de Chocolate 100% Cacau sem Glúten,0.2,KG,3.04,15.20,€
3610,2004021,mercearia,"Bebida de Cereais Cevada, Chicória e Centeio",0.2,KG,3.49,17.45,€
3611,7694602,mercearia,Salada de Fruta Tropical em Sumo,0.425,KG,1.99,4.68,€
3612,5568728,mercearia,Compota Morango,0.37,KG,4.49,12.14,€
3613,5047856,mercearia,Cápsulas de Chá Marrakech Tea,16.0,UN,5.19,0.32,€
3614,4895991,mercearia,Flocos Aveia Tostados,0.375,KG,3.09,8.24,€
3615,6919364,mercearia,Doce de Frutos Vermelhos,0.24,KG,3.89,16.21,€
3616,7522657,mercearia,Tablete Chocolate Branco Raffaello,0.09,KG,2.69,29.89,€
3617,7416598,mercearia,Sopa de Tomate,0.082,KG,1.79,2.29,€
3618,7539066,mercearia,Cápsulas de Café 100% Arabica Int 9,10.0,UN,4.29,0.43,€
3619,4036377,mercearia,Farinha de Mandioca sem Glúten,0.5,KG,1.99,3.98,€
3620,2501783,mercearia,Drageias de Chocolate,0.4,KG,6.65,16.63,€
3621,7749238,mercearia,Café em Grão Torrado Ritual,0.5,UN,7.99,15.98,€
3622,4951100,mercearia,Doce Mirtilo,0.25,KG,3.79,15.16,€
3623,6371968,mercearia,Flocos Trigo Sarraceno,0.2,KG,2.89,14.45,€
3624,5895582,mercearia,Compota Figo,0.37,KG,4.49,12.14 ,€
3625,7338463,mercearia,Tablete de Chocolate 100% Cacau sem Glúten,0.1,KG,1.66,16.60,€
3626,5581153,mercearia,Cereais All Bran Chocolate,0.375,KG,4.39,11.71,€
3627,5882771,mercearia,Preparado para Panquecas Simples,0.22,KG,2.78,12.64,€
3628,7390423,mercearia,Especialidade Vegwurst Frasco sem Glúten,0.697,KG,3.99,15.96,€
3629,7741157,mercearia,Cápsulas de Café Miami Int 5,18.0,UN,6.49,0.36,€
3630,6561372,mercearia,Hambúrguer Abóbora,0.16,KG,3.39,21.19,€
3631,7733026,mercearia,Bolachas Mini Marinheiras de Chia,0.05,KG,0.79,1.58,€
3632,7394720,mercearia,Granola Original sem Glúten,0.3,KG,4.7,15.67,€
3633,5067722,mercearia,Caramelos Original,0.09,KG,2.39,26.56,€
3634,2611866,mercearia,Flocos Cevada Integral Tostados,0.25,KG,2.29,9.16,€
3635,2525557,mercearia,Açúcar Baunilhado,5.0,KG,3.09,81.32,€
3636,4507497,mercearia,Flor de Sal,0.18,KG,3.35,18.61,€
3637,6582854,mercearia,Café Colombia Espresso Int 5,12.0,UN,5.89,0.49,€
3638,7696338,mercearia,Patê de Veado com Conhaque,0.18,KG,2.99,16.61,€
3639,7756135,mercearia,Bolachas Moo Chocolate de Leite,0.12,KG,1.99,16.58,€
3640,2591838,mercearia,Aroma de Baunilha,0.2,LT,4.49,22.45,€
3641,2894012,mercearia,Cereais Cookie Crisp Pepitas de Chocolate,0.375,KG,4.49,11.97,€
3642,7390422,mercearia,Especialidade Vegwurst Lata sem Glúten,0.424,KG,2.79,17.44,€
3643,7375397,mercearia,Tablete de Chocolate Culinária Proteico sem Glúten,0.2,KG,3.99,19.95,€
3644,2004670,mercearia,Café Solúvel Sticks,10.0,KG,1.49,74.50,€
3645,7383363,mercearia,Molho Korma,0.45,KG,2.91,6.47,€
3646,6469301,mercearia,Topping de Chocolate sem Glúten,0.295,KG,2.09,7.08,€
3647,7180039,mercearia,Filetes de Atum em Azeite com Malagueta,0.12,KG,3.29,38.71,€
3648,7501698,mercearia,Escama de Sal,0.09,KG,2.79,31.00,€
3649,7518906,mercearia,Bolachas Belgas Cobertas com Red Velvet,0.198,KG,2.29,11.57,€
3650,4150262,mercearia,Snack de Chocolate de Leite Kinder Bueno,4.0,KG,3.49,20.29,€
3651,5817021,mercearia,Palitos de Chocolate,0.25,KG,2.59,10.36,€
3652,4954625,mercearia,Tortitas de Milho sem Glúten,0.12,KG,1.89,14.54,€
3653,2258111,mercearia,Tablete de Chocolate com Avelã,0.3,KG,6.74,22.47,€
3654,7268349,mercearia,Bolachas Originais,0.275,KG,3.29,11.96,€
3655,7209862,mercearia,Piri-piri Moído em Saqueta,0.05,KG,0.59,11.80,€
3656,5121486,mercearia,Tablete de Chocolate Negro,0.1,KG,1.74,17.40,€
3657,7361551,mercearia,Caldo de Legumes Cubos sem Sal,8.0,KG,2.49,34.58,€
3658,5778929,mercearia,Farinha Culinária sem Glúten,0.5,KG,3.1,6.20,€
3659,7194634,mercearia,"Bolachas de Sementes de linhaça, Sésamo e Abóbora",0.2,KG,2.49,12.45,€
3660,6718832,mercearia,"Chá Verde, Mirtilo e Matcha Saquetas",20.0,UN,2.84,0.28,€
3661,7635897,mercearia,Snack de Chocolate de Leite Kinder Bueno,0.107,KG,2.29,21.40,€
3662,5046353,mercearia,Maionese Top Down,0.225,LT,1.99,8.84,€
3663,7300029,mercearia,Pasta Wasabi,0.043,KG,1.54,35.81,€
3664,7453738,mercearia,Farelo de Aveia,0.4,KG,1.09,2.73,€
3665,6967703,mercearia,Tablete de Chocolate Negro com Sésamo,0.1,KG,2.79,27.90,€
3666,7421661,mercearia,Vinagre de Sidra Frutos Vermelhos,0.25,LT,2.15,8.60,€
3667,5881917,mercearia,Gomas de Sabor a Fruta sem Glúten,0.1,KG,2.54,25.40,€
3668,7094065,mercearia,Cápsulas de Café House Blend Americano Int 8,12.0,UN,4.99,0.42,€
3669,5632667,mercearia,Tablete de Chocolate 85% Cacau sem Glúten,0.1,KG,2.19,21.90,€
3670,2004950,mercearia,Sopa de Cebola,0.06,KG,1.79,29.83,€
3671,7405533,mercearia,Bebida Cereais Chicória com Café,0.2,KG,3.99,19.95,€
3672,7656584,mercearia,Snack para Bebé de Milho HappyPuffs +12M,0.028,KG,1.65,58.93,€
3673,6831341,mercearia,Salsa Folhas,0.007,KG,1.86,265.71,€
3674,6938793,mercearia,Granola Frutos Secos,0.35,KG,4.29,12.26,€
3675,2212833,mercearia,Cereais Krispies Chocolate,0.375,KG,2.49,6.64,€
3676,7644931,mercearia,Crêpes Dentelle Chocolate de Leite,0.1,KG,1.69,16.90,€
3677,7722869,mercearia,Snack Salgado com Manteiga de Amendoim,0.07,KG,1.67,23.86,€
3678,7628796,mercearia,Boião de Fruta Variada +4M,2.0,KG,2.3,9.58,€
3679,6807023,mercearia,Manteiga de Amendoim Pedaços sem Glúten,0.2,KG,1.99,9.95,€
3680,7654210,mercearia,Sopa Disney Frozen,0.04,KG,1.59,39.75,€
3681,7377052,mercearia,Chá Preto Suporte Imunidade Saquetas,20.0,UN,1.89,0.09,€
3682,4945321,mercearia,Tablete de Chocolate Negro com Morango Excellence,0.1,KG,2.99,29.90,€
3683,4273584,mercearia,Infusão Solúvel Camomila Saquetas,10.0,KG,2.69,59.78,€
3684,5687484,mercearia,Bolachas Wafers de Chocolate Stracciatella Cubos,0.125,KG,1.69,13.52,€
3685,7579205,mercearia,Cereais Krave Chocolate de Leite,0.41,KG,2.89,7.05,€
3686,7450099,mercearia,Massa Mafalda Corta,0.5,KG,1.97,3.94,€
3687,5345942,mercearia,Patê de Atum,0.1,KG,1.95,15.60,€
3688,7728431,mercearia,Sardinha sem Pele e sem Espinha em Azeite Biológico,0.12,KG,1.94,21.56,€
3689,2260567,mercearia,Snack de Chocolate de Leite Dairy Milk,0.045,KG,1.05,23.33,€
3690,3881140,mercearia,Pastilhas Elásticas Wintergreen,0.03,KG,1.85,61.67,€
3691,7362989,mercearia,Leite Evaporado sem Glúten,0.41,KG,1.49,3.63,€
3692,5015396,mercearia,Preparado para Leite de Creme sem Glúten,4.0,KG,1.09,11.85,€
3693,7466821,mercearia,Snack Bites de Frango Bica Pica,0.02,KG,1.68,84.00,€
3694,7180473,mercearia,Patê de Atum,0.075,KG,1.65,22.00,€
3695,5637230,mercearia,Cápsulas de Café Qalidus Int 10,40.0,UN,13.99,0.35,€
3696,7059556,mercearia,Sortido de Bolachas,0.329,KG,6.14,19.25,€
3697,7311696,mercearia,Arroz de Caril Pot Pronto a Comer,0.073,KG,1.99,27.26,€
3698,7443668,mercearia,Granola Chocolate,0.4,KG,5.49,13.73,€
3699,7030205,mercearia,Sementes de Sésamo,0.2,KG,1.49,7.45,€
3700,7400023,mercearia,Molho para Bifana com Mostarda,0.26,KG,2.99,11.50,€
3701,6691826,mercearia,Infusão Cavalinha Silhueta Pyramid Saquetas,20.0,UN,2.09,0.10,€
3702,6561374,mercearia,Hambúrguer Goji,0.16,KG,3.39,21.19,€
3703,2003222,mercearia,Caril em Frasco,0.042,KG,2.09,49.76,€
3704,6902890,mercearia,Cereais Smacks,0.375,KG,2.49,6.64,€
3705,7521286,mercearia,Vuna de Proteína Vegetal,0.175,KG,5.89,33.66,€
3706,6725430,mercearia,"Super Pequeno Almoço Aveia, Cacau e Avelã sem Glúten",0.3,KG,4.44,14.80,€
3707,6190441,mercearia,Café Moído Torrado Moagem Universal Lote Espírito Santo Int 7,0.22,KG,4.49,20.41,€
3708,7386768,mercearia,Snack de Chocolate com Manteiga de Amendoim Minis,0.09,KG,2.39,26.56,€
3709,5612275,mercearia,Pastilhas Elásticas de Morango,0.0165,KG,0.99,58.24,€
3710,7651842,mercearia,Farinha de Aveia sem Glúten,0.5,KG,1.87,3.74,€
3711,6869203,mercearia,Azeite Virgem Extra Reserva,0.75,LT,5.83,7.77,€
3712,5874277,mercearia,Pastilhas Elásticas de Tutti Frutti,0.02,UN,0.76,38.00,€
3713,7649154,mercearia,Barra Crua de Cacau sem Glúten,0.14,UN,4.49,32.07,€
3714,6333125,mercearia,Chá Verde Matcha Saquetas,20.0,UN,2.84,0.14,€
3715,7636422,mercearia,Doce Cereja,0.28,KG,3.29,11.75,€
3717,6482860,mercearia,Molho de Francesinha,0.5,KG,1.99,3.98,€
3718,7405308,mercearia,Cápsulas de Café Americano Intenso Int 9,16.0,UN,6.49,0.41,€
3719,7539308,mercearia,Salsicha de Aves Kinderwurst,0.4,KG,4.99,12.48,€
3720,7708757,mercearia,Creme de Barrar Chocolate e Avelãs,0.2,KG,6.99,34.95,€
3721,7614094,mercearia,Siao Long Pao de Carne,0.23,KG,2.69,11.70,€
3722,6188209,mercearia,Pudim Zero% de Pêssego-Maracujá,0.022,KG,0.44,20.00,€
3723,7394235,mercearia,Molho Indiano Butter Chicken,0.45,KG,2.91,6.47,€
3724,4228629,mercearia,Sementes de Linhaça Dourada,0.25,KG,1.49,5.96,€
3725,2218260,mercearia,Infusão Nº13 Hipertenssil Saquetas,10.0,UN,1.29,0.13,€
3726,7413149,mercearia,Nestum Super Imunidade +3A,0.21,KG,3.75,17.86,€
3727,6345995,mercearia,Snack de Chocolate Kinder Délice,0.040299999999999996,KG,0.79,18.37,€
3728,5911513,mercearia,Tablete de Chocolate com Amendoim e Caramelo,0.276,KG,4.39,15.91,€
3729,4273571,mercearia,Infusão Nº5 Emagress Plus Saquetas,10.0,UN,0.84,0.08,€
3730,7240356,mercearia,Infusão SOS Cabeça Saquetas,20.0,UN,1.94,0.10,€
3731,7644006,mercearia,Bolachas Crackers Grão de Bico e Linhaça,0.185,KG,2.99,16.16,€
3732,7374507,mercearia,Massa Udon Noodles,0.3,KG,1.68,5.60,€
3733,6001732,mercearia,Tosta Crocante Quinoa Biológica,0.15,KG,3.93,26.20,€
3734,7731716,mercearia,Pack Saquetas de Fruta Morango e Banana Familiar +3A,8.0,KG,5.89,8.18,€
3735,4997140,mercearia,Farinha Fuba de Milho,1.0,KG,1.89,1.89,€
3736,4675041,mercearia,Sopa Rabo de Boi,0.071,KG,1.59,22.39,€
3737,7473301,mercearia,Creme para Barrar Chocolate e Avelã,0.2,KG,5.99,29.95,€
3738,7116704,mercearia,Farinha para Pão sem Glúten,1.0,KG,2.82,2.82,€
3739,5274122,mercearia,Bicarbonato de Sódio em Frasco sem Glúten,0.077,KG,1.99,25.84,€
3740,4969455,mercearia,Molho Teriyaki Barbecue com Mel,0.25,LT,5.64,22.56,€
3741,6407639,mercearia,Molho de Queijo,0.2,KG,3.05,15.25,€
3742,7680525,mercearia,Azeite Virgem Extra Primeira Colheita,0.5,LT,6.78,13.56,€
3743,5779322,mercearia,Compota Morango,0.25,KG,4.59,18.36,€
3744,7536659,mercearia,Snack de Chocolate Kit Kat Mini,0.1974,KG,5.49,27.87,€
3745,6245286,mercearia,Drageias Fruit Mix,0.16,KG,2.79,17.44,€
3746,5393402,mercearia,Preparado para Panquecas,2.0,KG,2.99,7.48,€
3747,5439079,mercearia,Snack de Chocolate de Leite Lion Mini,11.0,KG,3.59,18.13,€
3748,5367322,mercearia,Barras de Cereais de Frutos Secos e Sementes,0.072,KG,3.29,45.69,€
3749,5870498,mercearia,Óleo de Coco Virgem,0.2,LT,3.83,19.15,€
3750,5011776,mercearia,Drageias Mint de Peppermint,0.07,KG,4.0,57.14,€
3751,7722337,mercearia,Bebida de Chocolate Solúvel sem Glúten,0.32,UN,4.99,4.99,€
3752,4378218,mercearia,Farinha para Pão Brioche,1.0,KG,2.49,2.49,€
3753,7473522,mercearia,Vinagre Balsâmico Spray,0.25,LT,5.79,23.16,€
3754,5800239,mercearia,Molho Shoarma,0.25,KG,1.94,7.76,€
3755,7555564,mercearia,Papa Infantil Farinha Não Láctea 8 Cereais e Mel e 4 Frutas +6M,0.25,KG,2.55,10.20,€
3756,2005819,mercearia,Pudim de Morango,0.022,KG,0.64,29.09,€
3757,7010178,mercearia,Infusão Elegância Saquetas,10.0,UN,0.79,0.08,€
3758,7397833,mercearia,Café GranCafé Gold,0.2,KG,9.99,49.95,€
3759,7268346,mercearia,Bolachas Delikatess,0.27,KG,3.29,12.19,€
3760,7251556,mercearia,Manteiga de Avelã 100% sem Glúten,0.2,KG,5.99,29.95,€
3761,7642093,mercearia,Cereais Bolas de Cacau Monstrinhos,0.125,KG,2.99,23.92,€
3762,5884946,mercearia,Tablete de Chocolate Culinária 70%,0.2,KG,4.75,23.75,€
3763,3879147,mercearia,Bolo com Recheio de Chocolate,0.288,KG,3.29,14.43,€
3764,5297767,mercearia,Cereais Chocapic Chocolate Duo,0.4,KG,3.34,8.35,€
3765,7067951,mercearia,Tortita de Arroz sem Glúten,0.129,KG,1.49,11.55,€
3766,6989341,mercearia,Cápsulas de Café Caramel Macchiato,12.0,UN,4.99,0.42,€
3767,7483221,mercearia,Brigadeiros de Doce de Leite,6.0,KG,4.99,33.27,€
3768,5198480,mercearia,Molho de Francesinha,0.5,KG,4.29,8.58,€
3769,4968728,mercearia,Especiarias do México em Frasco,0.04,KG,2.16,54.00,€
3770,4113537,mercearia,Gomas Ositos de Oro,0.1,KG,1.29,12.90,€
3771,2161310,mercearia,Cereais Fitness Trigo e Aveia Integral,0.375,KG,3.99,10.64,€
3772,4673653,mercearia,Infusão sem Gordura Saquetas,10.0,UN,0.99,0.10,€
3773,7528060,mercearia,Bolachas Recheadas Choco Flakes Duo,0.42,KG,2.99,7.12,€
3774,7251353,mercearia,Molho Pizza Top Down sem Glúten,0.44,KG,3.79,9.48,€
3775,7062751,mercearia,Quinoa e Lentilhas ao Estilo Mexicano sem Glúten,0.25,KG,2.29,9.16,€
3776,7546949,mercearia,Cereais Flocos Deliciosos,0.34,KG,3.59,10.56,€
3777,2004748,mercearia,Cevada Torrada Moída,0.25,KG,0.99,3.96,€
3778,4921228,mercearia,Boião de Fruta 7 Frutos +6M,4.0,KG,2.44,6.10,€
3779,5895572,mercearia,Arroz Puff Expandido,0.15,KG,2.49,16.60,€
3780,6824868,mercearia,Pasta de Azeitona Verde,0.09,KG,3.6,40.00,€
3781,5476732,mercearia,Drageias de Fruta,0.038,KG,0.99,26.05,€
3782,3653259,mercearia,Bombons de Chocolate Schoko-Bons,0.2,KG,3.99,19.95,€
3783,7019595,mercearia,Molho Chow Mein,0.12,KG,1.95,16.25,€
3784,7285378,mercearia,Patê de Atum com Ingredientes Biológicos,0.075,KG,1.79,23.87,€
3785,2003217,mercearia,Alho Picado em Frasco,0.06,KG,2.61,43.50,€
3786,7188259,mercearia,"Tortitas Vitalday de Arroz, Chocolate e Laranja sem Glúten",0.1372,KG,2.89,24.08,€
3787,2004177,mercearia,Caldo de Galinha Cubos,8.0,KG,2.3,28.75,€
3788,7652387,mercearia,Rebuçados de Mentol Dupla Ação,0.072,KG,1.99,27.64,€
3789,7475619,mercearia,Risotto com Trufa Pronto a Comer,0.28,KG,2.89,10.32,€
3790,3791939,mercearia,Tablete de Chocolate com Creme de Cacau,0.1,KG,1.74,17.40,€
3791,7335471,mercearia,Bolachas Wafers Bites de Avelã,0.125,KG,1.19,9.52,€
3792,7400661,mercearia,Filete de Cavala em Óleo,0.15,KG,1.49,17.53,€
3793,7074481,mercearia,Cápsulas de Café Roast Collection Dark Int 9,10.0,UN,4.59,0.46,€
3794,7151283,mercearia,Rolinhos Arco-Iris,0.071,KG,1.79,25.21,€
3795,4346001,mercearia,Farinha para Pão Integral,1.0,KG,2.79,2.79,€
3796,7003019,mercearia,Tablete de Chocolate com Caramelo e Flor de Sal Excellence 70% Cacau,0.1,KG,2.99,29.90,€
3797,5944949,mercearia,Bolo Farci de Avelã,0.28,KG,2.24,8.00,€
3798,2746469,mercearia,Cappuccino Intenso Solúvel,10.0,KG,2.64,21.12,€
3799,2436351,mercearia,Caramelos Original,3.0,KG,2.46,16.40,€
3800,6537478,mercearia,"Papas de Aveia, Maçã e Canela",0.3,KG,4.99,16.63,€
3801,6537415,mercearia,Tablete de Chocolate Negro com Canela,0.125,KG,2.99,23.92,€
3802,7520284,mercearia,Tablete Chocolate Pick & Mix,0.125,KG,2.99,23.92,€
3803,7501701,mercearia,Escama de Sal Fumado,0.09,KG,2.79,31.00,€
3804,5612277,mercearia,Pastilhas Elásticas de Peppermint,0.0165,KG,0.99,58.24,€
3805,7395933,mercearia,Snack de Chocolate com Manteiga de Amendoim,0.042,KG,1.19,28.33,€
3806,2003386,mercearia,Bolachas Wafers com Recheio de Coco,0.15,KG,1.99,13.27,€
3807,6507084,mercearia,Cappuccino Solúvel,10.0,KG,3.49,24.93,€
3808,7625772,mercearia,Snack de Chocolate Extrafino,6.0,UN,2.19,2.19,€
3809,5328362,mercearia,Molho de Coentros e Alho,0.25,LT,2.38,9.52,€
3810,4086851,mercearia,Hambúrguer de Soja com Aveia,0.15,KG,3.49,21.81,€
3811,6988239,mercearia,Café Solúvel Intenso,0.1,KG,4.29,42.90,€
3812,7435425,mercearia,Sortido de Bolachas de Chocolate Negro,0.2,KG,2.59,12.95,€
3813,5804658,mercearia,Salsichas de Aves Frasco 8 un,0.65,KG,3.59,9.09,€
3814,7538498,mercearia,Massa Bucatini,0.5,KG,2.25,4.50,€
3815,5982486,mercearia,Pimenta Rosa para Gin,0.02,KG,3.9,195.00,€
3816,2747209,mercearia,Patê de Atum,0.1,KG,2.43,24.30,€
3817,7268804,mercearia,Tablete de Chocolate com Cereais e Amêndoas,0.1,KG,1.59,15.90,€
3818,7645844,mercearia,Corn Flakes sem Glúten,0.375,KG,2.63,7.01,€
3819,6960895,mercearia,Manteiga de Amendoim 100% Cremosa,0.35,KG,4.29,12.26,€
3820,2533276,mercearia,Azeite Virgem Extra DOP Moura,0.5,LT,4.33,8.66,€
3821,7612661,mercearia,Noodles Fusion India,0.118,KG,2.29,19.41,€
3822,4817319,mercearia,Chá Hortelã e Pimenta Planta,0.05,KG,1.75,35.00,€
3823,4737793,mercearia,Bebida Cereais Chicória com Café,0.26,KG,6.19,23.81,€
3824,5779022,mercearia,Bolachas Chiquilín,0.175,KG,1.69,9.66,€
3825,7644928,mercearia,Crêpes Dentelle Chocolate Negro,0.1,KG,1.69,16.90,€
3826,5485717,mercearia,Tempero de Alho e Salsa Cubos sem Glúten,8.0,KG,2.49,34.58,€
3828,5884942,mercearia,Tablete de Chocolate Escuro 99% Cacau,0.08,KG,3.09,38.63,€
3829,2003273,mercearia,Cereais Integrais Mix,0.375,KG,2.59,6.91,€
3830,4817229,mercearia,Chá Erva Doce Sementes,0.1,KG,2.59,25.90,€
3831,7251901,mercearia,Mel com Própolis,0.3,KG,6.99,23.30,€
3832,6364880,mercearia,Drops Recheio com Fruta,0.25,KG,1.49,5.96,€
3833,2611850,mercearia,Flocos Trigo Integral,0.25,KG,1.74,6.96,€
3834,7367972,mercearia,Cápsulas de Café Tanzania Int 8,10.0,UN,4.59,0.46,€
3835,5895551,mercearia,Cacau em Pepitas sem Glúten,0.1,KG,3.99,39.90,€
3836,7264933,mercearia,Granola Superior,0.4,KG,5.09,12.73,€
3837,7619708,mercearia,Condimento Azeite Virgem Extra Aroma Fumado,0.25,LT,2.82,11.28,€
3838,3898793,mercearia,Beijinhos de Chocolate Recheados com Baunilha,0.1,KG,1.15,11.50,€
3839,5615869,mercearia,Sopa Miso Instantânea,0.0925,KG,3.99,43.37,€
3840,4117164,mercearia,Rebuçados de Café Mini sem Glúten,0.2,KG,1.99,9.95,€
3841,7646281,mercearia,Xarope de Ácer Zero,0.355,KG,2.79,7.86,€
3842,7573117,mercearia,Tablete de Chocolate de Leite e Caramelo,0.18,KG,3.99,22.17,€
3844,7346072,mercearia,Drageias de Chocolate Salted Caramel,0.16,KG,2.99,18.69,€
3845,2004116,mercearia,Caramelos Cobertura de Chocolate Negro Carachoco,0.125,KG,2.59,17.27,€
3846,4640263,mercearia,Polpa de Maracujá,0.565,KG,3.29,5.82,€
3847,4693658,mercearia,Bolachas Caramelizadas,0.25,KG,2.89,11.56,€
3848,6831382,mercearia,Farinha de Aveia sem Glúten,0.25,KG,1.87,7.48,€
3849,4262381,mercearia,Bacalhau em Azeite e Alho,0.12,KG,3.3,41.25,€
3850,7555565,mercearia,Papa Infantil Farinha Não Láctea 8 Cereais e Mel Bolacha Maria +6M,0.25,KG,2.55,10.20,€
3851,7629045,mercearia,"Barras de Amêndoa, Chocolate e Sal Marinho com Cafeína",0.09,KG,2.69,29.89,€
3852,2378000,mercearia,Caramelo de Leite sem Glúten,0.1,KG,1.5,15.00,€
3853,2005815,mercearia,Pudim de Baunilha,0.022,KG,0.64,29.09,€
3854,4785980,mercearia,Cápsulas de Chá Tisana Tetley Relax,10.0,UN,4.19,0.42,€
3855,7471007,mercearia,Snack Alga Marinha Recheada com Amêndoa e Sésamo,0.035,KG,2.59,74.00,€
3856,4271779,mercearia,Barras de Cereais Chocolate de Leite Belga Special K,0.12,KG,2.44,18.91,€
3857,5895736,mercearia,Manteiga de Cacau e Avelã sem Glúten,0.2,KG,4.05,20.25,€
3858,7706083,mercearia,Bolachas Cookies com Cobertura Chocolate de Leite Choco Bom,0.2,KG,2.99,14.95,€
3859,4694850,mercearia,Leite em Pó Confort Desde o Nascimento 1 até 6M sem Glúten,0.8,KG,22.63,28.29,€
3860,5581304,mercearia,Farelo de Aveia,0.25,KG,2.13,8.52,€
3861,4412155,mercearia,Tablete de Chocolate Plus Noir com Pepitas de Cacau Caramelizadas sem Glúten,0.1,KG,2.69,26.90,€
3862,6819585,mercearia,Puff de Trigo,0.15,KG,1.89,12.60,€
3863,4421416,mercearia,Bolachas Butter Cookies,0.2,KG,2.69,13.45,€
3864,7735033,mercearia,Tablete de Chocolate Culinária 51%,0.2,KG,3.99,19.95,€
3865,2422505,mercearia,Azeite Virgem Extra Premium Galega,0.5,LT,9.42,18.84,€
3867,2014411,mercearia,Sêmola de Milho,0.5,KG,1.29,2.58,€
3868,5516451,mercearia,Mini Nackis Pop Corn,0.07,KG,1.89,27.00,€
3869,7696339,mercearia,Paté de Porco com Cogumelos,0.15,KG,1.89,12.60,€
3870,4675103,mercearia,Sopa de Cozido,0.069,KG,1.59,23.04,€
3871,7012783,mercearia,Massa Linguini,0.5,KG,1.78,3.56,€
3872,7615800,mercearia,Boião de Fruta Pera e Banana +4M,0.125,KG,1.45,11.60,€
3873,4536975,mercearia,Adoçante com Doseador 100 Pastilhas,0.0055,KG,1.19,21.64,€
3874,7504706,mercearia,Drageias de Chocolate com Amendoim,0.2,KG,2.99,14.95,€
3875,5637268,mercearia,Bolachas Wafers de Famboesa,0.15,KG,1.89,12.60,€
3876,7549467,mercearia,Massa Fusilli de Grão de Bico sem Glúten,0.25,KG,4.14,16.56,€
3877,7619178,mercearia,Bolacha,0.11,KG,3.89,35.36,€
3878,6191859,mercearia,Arroz Vaporizado Negro Integral Extra Longo,0.5,KG,3.19,6.38,€
3879,6660211,mercearia,Cápsulas de Café Classico Int 9,16.0,UN,4.29,0.27,€
3880,3792144,mercearia,Caldo para Bifes Cubos sem Glúten,8.0,KG,2.3,28.75,€
3881,6198654,mercearia,Cappuccino Solúvel Mocha,0.306,KG,4.84,15.82,€
3882,4026014,mercearia,Azeite Virgem Extra Premium,0.5,LT,9.42,18.84,€
3883,5779832,mercearia,Doce Morango Stevia,0.2,KG,3.89,19.45,€
3884,2598632,mercearia,Bolachas Wafers Quadratini Baunilha,0.25,KG,3.39,13.56,€
3885,5585691,mercearia,Manjericão Folha em Frasco,0.011,KG,2.09,190.00,€
3886,6712531,mercearia,Farinha de Espelta Integral,0.5,KG,2.15,4.30,€
3887,5638223,mercearia,Infusão Drenar e Tonificar Saquetas,20.0,UN,2.09,0.10,€
3888,7398813,mercearia,Puré de Fruta Coco com Leite de Coco +6M,4.0,KG,2.99,7.87,€
3889,7431124,mercearia,Café Solúvel Clássico,0.3,KG,7.99,26.63,€
3890,6642451,mercearia,Doce Pêssego Temporada,0.35,KG,3.44,9.83,€
3891,2003923,mercearia,Farinha Rainha para Bolos T55 com Fermento,1.0,KG,1.65,1.65,€
3892,7162939,mercearia,Cápsulas de Café Mythiq Int 15,40.0,UN,13.99,0.35,€
3893,5460510,mercearia,Cápsulas de Café Au Lait Int 7,30.0,UN,9.99,0.33,€
3894,7615799,mercearia,"Boião de Fruta Maçã, Alperce e Pêssego +4M",0.125,KG,1.45,11.60,€
3895,5637265,mercearia,Bolachas Wafers de Chocolate e Straciatela,0.15,KG,1.89,12.60,€
3896,6616066,mercearia,Óleo de Coco Virgem,0.2,LT,2.24,11.20,€
3897,7727030,mercearia,Creme para Barrar Avelã e Cacau,0.4,KG,4.39,10.98,€
3898,7168199,mercearia,"Biscoito de Alfarroba, Coco e Limão",0.2,KG,3.29,16.45,€
3899,6984708,mercearia,Granola Frutos Vermelhos,0.3,KG,3.99,13.30,€
3900,7578173,mercearia,Tablete Chocolate Leite com Avelãs e Caramelo,0.09,KG,3.49,38.78,€
3901,2003807,mercearia,Infusão Cidreira Saquetas,10.0,UN,0.74,0.07,€
3902,7358166,mercearia,Snack de Chocolate Kinder Delice Coco,0.37,KG,5.49,14.84,€
3903,7228916,mercearia,Chá Anis Estrelado,0.05,KG,3.24,64.80,€
3904,6542725,mercearia,Barras de Cereais Crunchy Aveia e Mel,0.21,KG,3.19,15.19,€
3905,7004285,mercearia,Couscous Marroquino sem Sal Adicionado,0.3,KG,3.66,12.20,€
3906,2473582,mercearia,Kit para Fajitas,0.5,KG,6.15,12.30,€
3907,7168240,mercearia,Biscoito de Aveia e Banana,0.2,KG,3.29,16.45,€
3908,7376244,mercearia,Bolachas Digestivas,0.174,KG,1.89,10.86,€
3909,5474192,mercearia,Tablete de Chocolate com Oreo,0.3,KG,4.39,14.63,€
3910,7204514,mercearia,Gengibre e Alho Pasta em Vidro sem Glúten,0.21,KG,2.94,14.00,€
3911,6683020,mercearia,Erva Doce Grão em Frasco,0.035,KG,0.99,28.29,€
3912,7620744,mercearia,Cápsulas de Café Alma Brasil Int 10,10.0,UN,3.24,0.32,€
3913,6043643,mercearia,Gomas Sortido Party Mix sem Glúten,0.42,KG,3.15,7.50,€
3914,7438382,mercearia,Farinha de Centeio,0.9,KG,1.59,1.77,€
3915,5048067,mercearia,Cravinho Moído em Saqueta,0.04,KG,2.59,64.75,€
3916,4965209,mercearia,Snack de Chocolate de Leite,12.0,KG,2.69,17.93,€
3917,6903963,mercearia,Massa Penne de Lentilhas Vermelhas sem Glúten,0.25,KG,3.72,14.88,€
3918,4668271,mercearia,"Chá Vermelho, Fibras, Ameixa e Híbisco Peso Ideal Saquetas",10.0,KG,2.69,59.78,€
3919,7411504,mercearia,Panko,0.227,KG,3.89,17.14,€
3920,4700390,mercearia,Leite em Pó Confort 2 +6M sem Glúten,0.8,KG,22.63,28.29,€
3921,7575942,mercearia,Molho Tomate e Manjericão,0.255,KG,2.99,11.73,€
3923,5964294,mercearia,Tablete de Chocolate Negro 72% Cacau sem Glúten,0.1,KG,2.39,23.90,€
3924,7751614,mercearia,Tablete de Chocolate com Caramelo Salgado Lindor Porções Individuais,0.1,KG,2.99,29.90,€
3925,6447061,mercearia,Tablete de Chocolate Negro Excellence e Caramelo Salgado,0.1,KG,2.99,29.90,€
3926,6579337,mercearia,Pack Leite em Pó de transição 2 Pack +6M,3.0,KG,34.98,21.86,€
3927,2920596,mercearia,Salsichas Cocktail Frasco,0.32,KG,2.89,16.06,€
3928,2192981,mercearia,Café Solúvel,0.1,KG,2.54,25.40,€
3929,5386995,mercearia,Biscoitos de Alfarroba,0.25,KG,3.45,13.80,€
3930,4491762,mercearia,Bolachas Integrais de Limão,0.2,KG,3.69,18.45,€
3931,2005363,mercearia,Massa Lasanha com Ovo,0.5,KG,2.72,5.44,€
3932,7405525,mercearia,Café Moído Torrado Aroma Originale Int 8,0.2,KG,1.99,9.95,€
3933,6989437,mercearia,Cápsulas de Café Roast Int 11,12.0,UN,4.99,0.42,€
3934,7610374,mercearia,Pó de Caril Picante,0.1,KG,2.48,24.80,€
3935,6444887,mercearia,Tablete de Chocolate com Oreo Sandwich,0.092,KG,1.39,15.11,€
3936,2825766,mercearia,Biscoitos de Limão,0.25,KG,3.45,13.80,€
3937,5845494,mercearia,Papa infantil Não Láctea Multicereais +6M,0.25,KG,2.59,10.36,€
3938,2003860,mercearia,Folhado Milfolhas,0.14,KG,2.19,15.64,€
3939,7367007,mercearia,Salsichas de Aves Cocktail Lata,0.424,KG,1.89,10.50,€
3940,6530407,mercearia,Cacau Cru em Pó,0.1,KG,2.49,24.90,€
3941,5479977,mercearia,Mousse de Café,0.14,KG,2.29,16.36,€
3942,6719125,mercearia,Pasta de Avelã sem Glúten,0.18,KG,5.29,29.39,€
3943,7022794,mercearia,Leite em Pó de Transição 3 +9M sem Glúten,0.8,KG,14.29,17.86,€
3944,7520763,mercearia,Maionese de Sriracha,0.14,LT,1.39,9.93,€
3945,7421307,mercearia,Bolachas com Recheio de Chocolate,0.154,KG,0.99,6.43,€
3946,6807025,mercearia,Manteiga de Amendoim Cremosa sem Glúten,0.2,KG,1.99,9.95,€
3947,2735692,mercearia,Feijão Catarino,0.5,KG,2.19,4.38,€
3948,6879236,mercearia,Farinha de Alfarroba,0.25,KG,1.4,5.60,€
3949,6224091,mercearia,Gomas Dedos Brilho,0.15,KG,1.94,12.93,€
3950,2636526,mercearia,Polpa de Maracujá,0.565,KG,4.29,7.59,€
3951,6857966,mercearia,Muesli Fibra,0.375,KG,4.99,13.31,€
3952,7132221,mercearia,Massa Noodles Integral,0.3,KG,2.79,9.30,€
3953,7549247,mercearia,Hot Chicken Top Down sem Glúten,0.266,KG,1.94,7.29,€
3954,7068290,mercearia,Corante Líquido Amarelo,0.025,LT,1.64,65.60,€
3955,5055506,mercearia,Aveia Instantânea,0.5,KG,2.29,4.58,€
3956,7536852,mercearia,Gomas Dipper Mini,0.275,KG,4.69,17.05,€
3957,7335486,mercearia,Bolachas Wafers Cacau,0.175,KG,0.99,5.66,€
3958,7422932,mercearia,Bolachas Cookies Double Chocolate,0.18,KG,3.89,21.61,€
3959,7654026,mercearia,Segredos para Massas,0.016,KG,1.64,102.50,€
3960,4788002,mercearia,Tablete de Chocolate com Oreo,0.1,KG,1.74,17.40,€
3961,7174206,mercearia,Leite em Pó Confort para Lactentes 1 até 6M sem Glúten,0.8,KG,20.5,25.63,€
3962,6988248,mercearia,"Infusão Camomila, Funcho e Canela Sweet Dreams Saquetas",20.0,UN,2.84,0.14,€
3963,7073615,mercearia,Papa Infantil Farinha Não Láctea 8 Cereais +6M,0.34,KG,2.95,8.68,€
3964,7088550,mercearia,Massa Fettucine Arroz,0.5,KG,3.17,6.34,€
3965,7293062,mercearia,Molho Piri-piri sem Glúten,0.18,LT,1.65,9.17,€
3966,6582007,mercearia,Infusão Detox Saquetas,10.0,UN,1.09,0.11,€
3967,2735700,mercearia,Feijão Branco,0.5,KG,1.99,3.98,€
3968,7609716,mercearia,Pimenta Branca Moída,0.035,KG,1.79,51.14,€
3969,4762874,mercearia,Doce Frutos Vermelhos,0.23,KG,3.79,15.16,€
3970,5036360,mercearia,Pasta de Sésamo,0.23,KG,4.55,19.78,€
3971,5243441,mercearia,Farinha de Aveia Integral,0.4,KG,1.49,3.73,€
3972,2621806,mercearia,Goiabada Cascão,0.35,KG,2.85,8.14,€
3973,4954959,mercearia,Leite e Cereais Bolacha Maria +6M,2.0,LT,2.99,7.48,€
3974,4544857,mercearia,Leite em Pó Optipro para Lactentes 1 até 6M sem Glúten,0.8,KG,18.99,23.74,€
3975,7475618,mercearia,Risotto de Legumes Pronto a Comer,0.28,KG,2.89,10.32,€
3976,5592652,mercearia,Bolachas de Chocolate com Recheio de Creme,0.066,KG,0.99,15.00,€
3977,4725790,mercearia,Crackies de Arroz Integral com Sal sem Glúten,0.13,KG,1.59,12.23,€
3978,6442805,mercearia,Rebuçados de Mentol e Limão,0.1,KG,1.09,10.90,€
3979,7156497,mercearia,Massa Linguine com Tinta de Choco Al Nero di Seppia,1.0,KG,6.01,6.01,€
3980,6589333,mercearia,Rebuçados Mini Mints de Melancia,0.0125,KG,1.29,99.23,€
3981,2758440,mercearia,Feijão Azuki,0.5,KG,3.45,6.90,€
3982,5616685,mercearia,Barra de Chocolate com Cereais,4.0,KG,1.99,20.73,€
3983,7536686,mercearia,Gomas Ositos de Oro Sabor Morango,0.1,KG,1.29,12.90,€
3984,7626088,mercearia,Cereais Chocolate e Arroz,0.25,KG,2.99,11.96,€
3985,7634777,mercearia,Aveia Instantânea Chocolate,0.3,KG,4.39,14.63,€
3986,7161754,mercearia,"Saqueta de Fruta Banana, Morango e Maçã Minions +12M",0.1,KG,0.92,9.20,€
3987,6866543,mercearia,"Pequeno Almoço Aveia, Framboesa e Banana sem Glúten",0.3,KG,4.44,14.80,€
3988,7756700,mercearia,Snack Chocolate de Leite e Wafer Jungly,0.034,KG,0.85,25.00,€
3989,7252494,mercearia,Tablete de Chocolate de Leite e Amêndoa,0.3,KG,6.74,22.47,€
3990,7706080,mercearia,Bolachas Crackers,0.1,KG,1.09,10.90,€
3991,6813139,mercearia,Mel de Portugal,1.0,KG,11.39,11.39,€
3992,7741395,mercearia,Tablete de Chocolate Negro e Caramelo Les Recettes de L'Atelier,0.1,KG,2.99,29.90,€
3993,7072081,mercearia,Caramelos de Morango,0.032,KG,0.75,23.44,€
3994,6716053,mercearia,Cápsulas de Café Qalidus Int 10,60.0,UN,18.99,0.32,€
3995,5400132,mercearia,Bebida de Chocolate Solúvel,0.35,KG,3.99,11.40,€
3996,5516238,mercearia,Flocos Aveia Instântaneos,0.4,KG,1.73,4.33,€
3997,7736102,mercearia,Bolachas Mini com Cobertura de Chocolate,0.1,KG,1.89,18.90,€
3998,6539809,mercearia,Café Solúvel Sticks,25.0,UN,2.59,2.59,€
3999,7504748,mercearia,Bolachas Cookies Extra Choco Rings,0.176,KG,2.89,16.42,€
4000,7068153,mercearia,Pepitas de Caramelo,0.07,KG,3.89,55.57,€
4001,4412124,mercearia,Tablete de Chocolate Plus Noir 85% Cacau sem Glúten,0.1,KG,2.69,26.90,€
4002,6907373,mercearia,Molho Picante Jalapeno,0.05,LT,2.39,47.80,€
4004,7111924,mercearia,Cápsulas de Café Indonésia,10.0,UN,3.49,0.35,€
4005,7483220,mercearia,Brigadeiros de Chocolate,6.0,KG,4.99,33.27,€
4006,7400615,mercearia,Snack Batata Flame Queijo & Chilli,0.16,KG,2.24,14.00,€
4007,2491699,mercearia,Preparado para Scones,0.38,KG,3.89,10.24,€
4008,2876579,mercearia,Barras Substitutas Refeição Chocolate Preto,0.128,KG,5.14,40.16,€
4009,4959245,mercearia,Snack de Chocolate Crunchie,0.04,KG,1.05,26.25,€
4010,6218480,mercearia,Molho de Queijo,0.33,KG,2.89,8.76,€
4011,7382941,mercearia,Piri-Piri Japaleno em Frasco,0.026,KG,3.39,130.38,€
4012,7110619,mercearia,Farinha de Coco sem Glúten,0.5,KG,2.39,4.78,€
4013,2003873,mercearia,Torta com Recheio de Morango,0.3,KG,2.99,9.97,€
4014,7554423,mercearia,Bolachas Limão sem Glúten,0.125,KG,2.14,17.12,€
4015,2559542,mercearia,Puré de Maçã para Sobremesas sem Glúten,0.75,KG,3.59,4.79,€
4016,5516323,mercearia,Farinha de Coco sem Glúten,0.25,KG,1.99,7.96,€
4017,6523894,mercearia,Caramelos de Fruta sem Glúten,0.15,KG,2.55,17.00,€
4018,5618799,mercearia,Molho de Ostras,0.15,LT,3.3,22.00,€
4019,4967320,mercearia,Infusão Mirtilo e Açaí Superfruits Saquetas,20.0,UN,2.54,0.13,€
4020,5333298,mercearia,Farinha de Arroz sem Glúten,0.5,KG,1.32,2.64,€
4021,7653896,mercearia,Chá Preto Descafeinado Yellow Label Saquetas,20.0,UN,1.39,0.07,€
4022,6458653,mercearia,Cereais com Chocolate Chocomax,0.65,KG,3.99,6.14,€
4023,5895737,mercearia,Manteiga de Coco sem Glúten,0.2,KG,4.15,20.75,€
4024,7336398,mercearia,Molho Sweet Chilli e Alho,0.12,KG,1.95,16.25,€
4025,6342439,mercearia,Pasta Wasabi,0.043,KG,2.99,69.53,€
4026,6342436,mercearia,Folhas Algas Sushi Nori,5.0,KG,2.19,156.43,€
4027,7212172,mercearia,Mix Pimentas com Sal Grosso Moinho,0.182,KG,1.59,8.74,€
4028,2581088,mercearia,Farinha de Trigo T55,5.0,KG,8.79,1.76,€
4029,7300038,mercearia,Gengibre Rosa,0.19,KG,1.97,10.37,€
4030,2525563,mercearia,Baunilha em Vagem,0.003,KG,6.99,2.330.00,€
4031,7576974,mercearia,Açafrão das Índias Saqueta,0.035,KG,1.19,34.00,€
4032,7741384,mercearia,Tablete de Chocolate Negro e Amêndoas Les Recettes de L'Atelier,0.15,KG,3.49,23.27,€
4033,7759736,mercearia,Cápsulas de Café Ginga,10.0,UN,2.49,0.25,€
4034,6988718,mercearia,Condimento Azeite Virgem Extra Aroma Trufa,0.25,LT,2.82,11.28,€
4035,7658200,mercearia,Cevada,0.075,KG,0.99,13.20,€
4036,7168029,mercearia,"Saqueta de Fruta Banana, Pera e Laranja +4M",0.1,KG,1.08,10.80,€
4037,2005813,mercearia,Pudim de Ananás,0.022,KG,0.64,29.09,€
4038,7320844,mercearia,Cápsulas de Café Latte Coco Int 5,12.0,UN,5.89,0.49,€
4039,4966860,mercearia,Cápsulas de Café Buondi Int 8,30.0,UN,9.99,0.33,€
4040,6556932,mercearia,Farinha de Aveia,0.25,KG,1.59,6.36,€
4041,4268213,mercearia,Bolachas Wafers com Chocolate Negro Waffeletten,0.1,KG,2.49,24.90,€
4042,2004308,mercearia,Preparado para Leite de Creme,0.09,KG,1.09,12.11,€
4043,7191257,mercearia,Pipocas Doces Micro-ondas,0.09,KG,0.99,11.00,€
4044,4318414,mercearia,Farinha para Pão de Sementes,0.5,KG,2.33,4.66,€
4045,7467151,mercearia,Cogumelos Laminados sem Glúten,0.2,KG,2.49,12.45,€
4046,7413150,mercearia,Nestum Super Digestão +3A,0.21,KG,3.75,17.86,€
4047,4039530,mercearia,Rebuçados de Morango,0.032,KG,0.94,29.38,€
4048,6190401,mercearia,Café Moído Torrado Moagem Universal Lote Dak Lak Int 10,0.22,KG,4.49,20.41,€
4049,6819558,mercearia,Flocos Aveia Integral Finos sem Glúten,0.4,KG,2.06,5.15,€
4050,7479767,mercearia,Farinha Láctea Frutas +4M sem Glúten,0.25,KG,3.19,12.76,€
4051,5752126,mercearia,Pastilhas de Café,20.0,UN,2.79,0.14,€
4052,2004004,mercearia,Mousse de Chocolate,0.15,KG,1.69,11.27,€
4053,7650948,mercearia,Tahini Natural,0.16,KG,5.19,32.44,€
4054,7057128,mercearia,Adoçante Eritritol com Stevia,0.5,KG,6.99,13.98,€
4055,2525681,mercearia,Pepitas Multicolores,0.08,KG,1.79,22.38,€
4056,4817008,mercearia,Chá Cardo Mariano,0.05,KG,1.49,29.80,€
4057,7375916,mercearia,Fermento sem Glúten,0.08,KG,1.74,21.75,€
4058,4854389,mercearia,Bolachas Maria,0.8,KG,3.29,4.11,€
4059,7375120,mercearia,Patê de Cavala,0.075,KG,1.65,22.00,€
4060,7656722,mercearia,Bolachas Wafers com Recheio de Manteiga de Amendoim,0.175,KG,2.39,13.66,€
4061,5608300,mercearia,Molho de Francesinha,0.5,KG,2.98,5.96,€
4062,2904702,mercearia,"Chá Preto, Baunilha e Caramelo Pyramid Saquetas",20.0,UN,1.89,0.09,€
4063,5562556,mercearia,Bolachas Digestivas Avenacol,0.3,KG,2.99,9.97,€
4064,6582543,mercearia,Cápsulas de Café Peru Espresso Int 8,12.0,UN,5.89,0.49,€
4065,6819471,mercearia,Flocos Milho,0.3,KG,2.69,8.97,€
4066,6055105,mercearia,Molho Caesar Top Down,0.275,LT,1.39,5.05,€
4067,6927042,mercearia,Barra de Chocolate Negro e Manteiga de Amendoim sem Glúten,0.04,KG,1.99,49.75,€
4068,7740988,mercearia,Cabaz nº14,1.0,KG,49.99,49.99,€
4069,7329337,mercearia,Snack de Chocolate Negro com Avelã 50% Cacau,0.03,KG,0.99,33.00,€
4070,2877351,mercearia,Infusão Nº31 Malvas Saquetas,10.0,UN,0.99,0.10,€
4071,3869335,mercearia,Cápsulas de Café Latte Macchiato,16.0,UN,6.49,0.41,€
4072,5333080,mercearia,Quinoa Real,0.25,KG,3.99,15.96,€
4073,7403870,mercearia,Azeite Virgem Extra,0.5,LT,9.42,18.84,€
4074,7073324,mercearia,Papa Infantil Farinha Não Láctea 8 Cereais e Fruta +6M,0.34,KG,2.95,8.68,€
4075,6114486,mercearia,Topping de Chocolate Milka,0.3,KG,3.69,12.30,€
4076,6556965,mercearia,Farinha de Arroz,0.2,KG,1.69,8.45,€
4077,4539668,mercearia,Infusão Frutos Vermelhos Saquetas,20.0,UN,4.05,0.20,€
4078,7288110,mercearia,Molho Teriyaki,0.15,LT,1.42,9.47,€
4079,5124588,mercearia,Snack de Chocolate de Leite com Nougat Mel e Amêndoa,0.035,KG,1.05,30.00,€
4080,7078048,mercearia,Gelatina Pronta Manga e Limão + Proteína,0.4,KG,3.49,8.73,€
4081,6295195,mercearia,Molho Chutney de Manga Doce em Vidro,0.35,KG,3.87,11.06,€
4082,6259600,mercearia,Molho Agridoce,0.25,LT,2.45,9.80,€
4083,4046213,mercearia,Tablete de Chocolate com Caramelo e Avelã,0.3,KG,4.39,14.63,€
4084,6231703,mercearia,Cápsulas de Chocolate,16.0,UN,3.65,0.23,€
4085,5517624,mercearia,Chá Hibisco Flor,0.05,KG,2.49,49.80,€
4086,7741413,mercearia,Tablete de Chocolate Negro e Amêndoas Crocantes Les Recettes de L'Atelier,0.1,KG,2.99,29.90,€
4087,5915262,mercearia,"Chá Verde, Suave Amora e Framboesa Saquetas",10.0,UN,0.89,0.09,€
4088,7526759,mercearia,Bolachas Recheadas com Chocolate,0.18,KG,3.44,19.11,€
4089,5405007,mercearia,Leite Cereais Pijama +6M,2.0,LT,2.89,7.23,€
4090,4225346,mercearia,Tortitas de Arroz com Chocolate Negro e Coco sem Glúten,0.15,KG,3.05,22.59,€
4091,7745832,mercearia,Tablete de Chocolate Negro e Laranja Nestlé Dark,0.12,KG,2.99,24.92,€
4092,7143385,mercearia,Tapioca Hidratada sem Glúten,0.5,KG,3.49,6.98,€
4093,5911975,mercearia,Snack de Chocolate Negro 70% Cacau Kit Kat,0.0415,KG,1.1,26.83,€
4094,7538030,mercearia,Leite em Pó +3A,0.68,UN,10.55,10.55,€
4095,5982470,mercearia,Estrela de Anis para Gin,0.02,KG,4.39,219.50,€
4096,7550104,mercearia,Massa Penne Arroz Integral sem Glúten,0.25,KG,3.57,14.28,€
4097,6903231,mercearia,Vinagre Balsâmico de Modena,0.25,LT,2.51,10.04,€
4098,7519243,mercearia,Alimento Lácteo Natural sem Glúten +6M,0.1,KG,0.94,9.40,€
4099,7651853,mercearia,Millet,0.5,KG,1.69,3.38,€
4100,7682051,mercearia,Manga Fatiada em Calda,0.49,KG,2.49,5.86,€
4101,4019987,mercearia,Tablete de Chocolate com Recheio de Menta,0.1,KG,2.29,22.90,€
4102,7051650,mercearia,Noz Nacional com Casca,0.5,UN,4.99,2.50,€
4103,5824254,mercearia,Snack de Chocolate de Leite Kit Kat Chunky,0.16,KG,3.89,24.31,€
4104,7388456,mercearia,Preparado de Crepes,0.2,KG,2.69,13.45,€
4105,2003633,mercearia,Drageias Recarga,0.068,KG,2.19,32.21,€
4106,2231201,mercearia,Bolachas com Cobertura de Chocolate de Leite Leibniz,0.125,KG,2.49,19.92,€
4107,6358925,mercearia,Rebuçados Extra Strong,0.032,KG,0.94,29.38,€
4108,7382940,mercearia,Piri-Piri Chipotle,0.046,KG,3.39,73.70,€
4109,2627783,mercearia,Snack de Chocolate de Leite,8.0,KG,1.89,18.90,€
4110,7435434,mercearia,Sortido de Bolachas Original,0.2,KG,2.31,11.55,€
4111,7537280,mercearia,Cereais Cini Minis Canela,0.375,KG,4.49,11.97,€
4112,6976140,mercearia,Pipocas Doces Micro-ondas,4.0,KG,1.99,15.55,€
4113,5688575,mercearia,Mousse de Frutos Vermelhos,0.13,KG,2.29,17.62,€
4114,7412228,mercearia,Café Solúvel Intenso,0.1,KG,2.09,20.90,€
4115,4666838,mercearia,Tablete de Chocolate de Leite e Avelã Dairy Milk,0.12,KG,2.99,24.92,€
4116,7430426,mercearia,Snacks Tortilha Chips Queijo,0.135,KG,1.59,11.78,€
4117,5218918,mercearia,Café em Grão Gold,0.5,KG,15.99,31.98,€
4118,7636018,mercearia,Gomas Minhocas Ácidas,0.15,KG,1.94,12.93,€
4119,5883510,mercearia,Tortitas de Milho sem Glúten,0.12,KG,1.99,16.58,€
4120,7745720,mercearia,Snack de Chocolate de Leite e Brownie Lion,5.0,KG,2.09,13.93,€
4121,7696334,mercearia,Patê de Porco,0.15,KG,1.89,12.60,€
4122,6482855,mercearia,Piri-Piri com Azeite Extra Forte sem Glúten,0.05,LT,2.39,47.80,€
4123,2190173,mercearia,Leite Evaporado,0.405,KG,2.19,5.34,€
4124,7251577,mercearia,Manteiga de Caju sem Glúten,0.2,KG,5.99,29.95,€
4125,7652107,mercearia,Noz Moscada em Grão em Saqueta,0.07,KG,4.49,64.14,€
4126,2038467,mercearia,Bebida de Chocolate Solúvel Cankao,0.25,KG,4.99,19.96,€
4127,7622125,mercearia,Cápsulas de Café Espresso Maestro Clássico Int 9,10.0,UN,3.19,0.32,€
4128,7707344,mercearia,Doce Mirtilo,0.28,KG,3.29,11.75,€
4129,6616757,mercearia,Creme de Coco sem Glúten,0.165,LT,1.69,10.24,€
4131,4228821,mercearia,Soja Fina,0.4,KG,2.29,5.73,€
4132,5515436,mercearia,Quinoa Real em Grão,0.4,KG,3.49,8.73,€
4133,4392933,mercearia,Caramelo de Morango,0.045,KG,1.2,26.67,€
4134,5429824,mercearia,Infusão Nº44 Centelha Asiática Saquetas,10.0,UN,1.29,0.13,€
4135,7095816,mercearia,Bolachas Wafers Quadratini Duplo Chocolate,0.25,KG,3.39,13.56,€
4136,2003247,mercearia,Flocos Aveia Integral,0.375,KG,1.19,3.17,€
4137,5262293,mercearia,Bolachas Integrais de Aveia e Canela,0.14,KG,2.49,17.79,€
4138,5523878,mercearia,Massa Lasanha Sêmola,0.5,KG,3.17,6.34,€
4139,6719133,mercearia,Tablete de Chocolate Floc Choc sem Glúten,0.1,KG,1.89,18.90,€
4140,7654282,mercearia,Snack de Chocolate Branco,0.033,KG,0.85,25.76,€
4141,7088955,mercearia,Pastilhas Elásticas Oral-B Peppermint,0.017,KG,1.19,70.00,€
4142,7635778,mercearia,Infusão Green Fitness Saquetas,20.0,UN,2.09,0.10,€
4143,6589979,mercearia,Drageias de Chocolate Toy Patrulha,0.02,KG,1.79,89.50,€
4144,7707072,mercearia,Bolonhesa de Seitan,0.42,KG,4.49,10.69,€
4145,6692314,mercearia,Gelatina Pronta Vegetal Maracujá,0.13,KG,1.16,8.92,€
4146,7486892,mercearia,Papa Infantil Farinha Láctea 1ª Papa +4M sem Glúten,0.25,KG,3.19,12.76,€
4147,5121476,mercearia,Tablete de Chocolate Branco,0.1,KG,1.74,17.40,€
4148,7434250,mercearia,Snack de Chocolate com Manteiga de Amendoim King Size,0.079,KG,1.99,25.19,€
4149,7433216,mercearia,Bolachas Cacau,0.16,KG,3.29,20.56,€
4150,6715890,mercearia,Doce Frutos Tropicais,0.25,KG,2.39,9.56,€
4151,7521197,mercearia,Gelatina em Pó de Frutos Vermelhos Proteína,0.08,KG,3.14,39.25,€
4152,6546673,mercearia,Pastilhas Elásticas de Morango,0.03,KG,1.85,61.67,€
4153,5367284,mercearia,Cacau Cru em Pepitas sem Glúten,0.1,KG,3.99,39.90,€
4154,7696337,mercearia,Patê de Javali,0.18,KG,2.99,16.61,€
4155,4751268,mercearia,Gomas Marshmallows Tubo sem Glúten,0.09,KG,1.29,14.33,€
4156,5068766,mercearia,Pastilhas de Café Moído Torrado Platinum Int 4,16.0,UN,4.19,0.26,€
4157,2747249,mercearia,Bombons de Chocolate Lindor Sortido,0.2,KG,5.99,29.95,€
4158,6493706,mercearia,"Barras de Cereais Proteína Coco, Cacau e Caju Special K",0.112,KG,2.44,21.79,€
4159,3666673,mercearia,Bombons de Chocolate Mignonette Chocolate de Leite,0.24,KG,5.99,24.96,€
4160,7305458,mercearia,Café em Grão Qualitá Oro Int 5,0.5,KG,8.39,16.78,€
4161,7062754,mercearia,"Trigo, Tomate e Manjericão sem Glúten",0.25,KG,2.29,9.16,€
4162,6167995,mercearia,Açúcar em Pó,0.5,KG,1.67,3.34,€
4163,7723268,mercearia,Leite de Coco Condensado,0.32,KG,2.89,9.03,€
4164,7657152,mercearia,Grãos de Soja Cozidos,0.14,KG,1.29,9.21,€
4165,4675531,mercearia,Drageias de Morango,0.035,KG,2.3,65.71,€
4166,2368271,mercearia,Granulado de Chocolate para Bolos,0.1,KG,1.39,13.90,€
4167,7335140,mercearia,Gelatina em Pó Vegetal de Coco,0.18,UN,2.39,2.39,€
4168,2060430,mercearia,Patê de Sardinha,0.065,KG,0.99,15.23,€
4169,6272152,mercearia,Saqueta de Frutas Variadas Fruta & Go +12M,0.09,KG,0.99,11.00,€
4170,7737001,mercearia,Drageias Fanta Laranja,0.16,KG,2.79,17.44,€
4171,2003908,mercearia,Cereais Corn Flakes Milho,0.5,KG,2.49,4.98,€
4172,7306233,mercearia,Muesli de Coco sem Glúten,0.4,KG,4.23,10.58,€
4173,6785643,mercearia,Rebentos de Feijão Mungo sem Glúten,0.184,KG,0.99,9.00,€
4174,4097324,mercearia,Molho para Churrasco Top Down,0.25,LT,2.99,13.59,€
4175,4615749,mercearia,Broas de Limão,0.22,KG,2.29,11.45,€
4176,7718390,mercearia,Feijão Pedra Santiago,0.5,KG,1.75,3.50,€
4177,5915259,mercearia,"Infusão Fruta Arando, Flor de Sabugueiro e Vitamina B6 Boost Saquetas",20.0,UN,2.84,0.14,€
4178,6719094,mercearia,Pasta de Amêndoa sem Glúten,0.18,KG,4.99,27.72,€
4179,2422504,mercearia,Azeite Virgem Extra Cordovil,0.5,LT,9.42,18.84,€
4180,5355869,mercearia,Infusão Detox Saquetas,20.0,UN,4.05,0.20,€
4181,6989342,mercearia,Cápsulas de Café Cappuccino,12.0,UN,4.99,0.42,€
4182,7712086,mercearia,Pepitas de Chocolate Negro Maxi,0.1,KG,3.89,38.90,€
4183,5124411,mercearia,Tablete de Chocolate Bubbly Caramelo,0.25,KG,4.39,17.56,€
4184,6967783,mercearia,Snack de Chocolate Moments Mix,0.097,KG,3.69,38.04,€
4185,7072648,mercearia,Boião de 6 Frutas com Cereais +4M,0.12,KG,1.15,9.58,€
4186,7335484,mercearia,Bolachas Wafers Avelã,0.175,KG,0.99,5.66,€
4187,5410623,mercearia,Café Solúvel Galão,8.0,KG,2.39,16.60,€
4188,7473524,mercearia,Creme Vinagre Balsâmico com Gengibre,0.25,LT,3.99,15.96,€
4189,2148197,mercearia,Bolachas Cream Cracker Integrais,0.2,KG,0.79,3.95,€
4190,7741389,mercearia,"Tablete de Chocolate, Passas e Avelãs Les Recettes de L'Atelier",0.15,KG,3.49,23.27,€
4191,6831361,mercearia,Moinho 4 Bagas,0.025,KG,3.36,134.40,€
4192,7447232,mercearia,Pipocas Cobertas com Chocolate,0.125,KG,1.79,14.32,€
4193,6582014,mercearia,Infusão Digest Saquetas,10.0,UN,1.09,0.11,€
4194,7368593,mercearia,Máquina de Café Cápsulas Sistema Exclusivo Continente Grazie Preta,1.0,UN,24.99,24.99,€
4195,7244117,mercearia,Snack de Chocolate de Leite Kit Kat Pops,0.11,KG,2.99,27.18,€
4196,7439672,mercearia,Flocos de Aveia,0.375,KG,1.49,3.97,€
4197,5000715,mercearia,Broas do Moinho,0.35,KG,3.39,9.69,€
4198,7635775,mercearia,Infusão Limão e Camomila Cold,15.0,UN,2.09,0.14,€
4199,7227861,mercearia,Mistura para Brownie sem Glúten,0.35,KG,4.28,12.23,€
4200,5779831,mercearia,Doce Abóbora Stevia,0.2,KG,2.99,14.95,€
4201,7551776,mercearia,"Bolacha de Amêndoa, Gengibre e Laranja",0.175,KG,2.99,17.09,€
4202,2005817,mercearia,Pudim de Chocolate,0.022,KG,0.64,29.09,€
4203,7620748,mercearia,Cápsulas de Café Alma Perú Int 9,10.0,UN,3.24,0.32,€
4204,7633937,mercearia,Tablete de Chocolate com Cookies,0.165,KG,1.99,12.06,€
4205,4009823,mercearia,Drageias de Chocolate com Amendoim,0.045,KG,1.15,25.56,€
4206,6928244,mercearia,Tapioca Hidratada sem Glúten,0.5,KG,3.99,7.98,€
4207,4412121,mercearia,Tablete de Chocolate Plus Noir com Flor de Sal sem Glúten,0.1,KG,2.69,26.90,€
4208,7576702,mercearia,Creme Chocolate Negro para Barrar,0.18,KG,2.84,15.78,€
4209,7168019,mercearia,Papa Infantil Não Láctea Multicereais Solo +6M,0.3,KG,3.19,10.63,€
4210,7722871,mercearia,Snack Salgado Batata Menos 65% Gordura,0.07,KG,2.39,34.14,€
4211,5089664,mercearia,Marmelada em Cubos,0.25,KG,3.89,15.56,€
4212,6902535,mercearia,Fécula de Batata sem Glúten,0.25,KG,1.25,5.00,€
4213,4540341,mercearia,Infusão Rooibos e Canela Saquetas,20.0,UN,4.05,0.20,€
4214,7066870,mercearia,Bolachas Sortido Princesa de Chocolate,0.2,KG,2.59,€12.95, 
4215,7623739,mercearia,Chá Hibiscus e Frutos Vermelhos Saquetas,20.0,UN,1.84,0.09,€
4216,7536657,mercearia,Creme de Barrar,0.34,KG,3.59,10.56,€
4217,4941044,mercearia,Barras de Cereais Chocapic,0.3,KG,5.29,26.45,€
4218,7458492,mercearia,Vinagre de Romã Gourmet,0.25,LT,2.0,8.00,€
4219,2004441,mercearia,Patê de Gambas,0.075,KG,2.39,31.87,€
4220,7756695,mercearia,Snack Chocolate de Leite e Wafer Jungly,3.0,KG,2.19,21.47,€
4221,5414020,mercearia,Filetes de Atum em Azeite,0.12,KG,3.1,36.47,€
4222,5918466,mercearia,Nestlé Dark Tablete de Chocolate Negro sem Glúten,0.125,KG,1.66,13.28,€
4223,5752117,mercearia,Café em Grão,0.25,KG,1.89,7.56,€
4224,7626310,mercearia,Pimenta Cayenne Moída em Saqueta,0.035,KG,1.79,51.14,€
4225,7396947,mercearia,Sumo de Limão Natural Biológico,0.125,LT,1.69,13.52,€
4226,6010760,mercearia,Molho Teriyaki,0.12,KG,1.95,16.25,€
4227,7720605,mercearia,Manteiga de Amendoim e Chocolate Crocante Proteica,0.25,KG,3.39,13.56,€
4228,7504607,mercearia,Óleo de Sésamo,0.25,LT,5.68,22.72,€
4229,7719956,mercearia,Molho Húmus com Caril,0.25,LT,2.99,11.96,€
4230,7422929,mercearia,Bolachas Cobertas Frutos Vermelhos,0.128,KG,1.89,14.77,€
4231,7622130,mercearia,Cápsulas de Café Cremoso Int 7,30.0,UN,8.89,0.30,€
4232,7640107,mercearia,Tortilhas sem Glúten,0.216,KG,3.76,17.41,€
4233,7382945,mercearia,Segredos Provençais,0.039,KG,2.16,55.38,€
4234,7450624,mercearia,Tablete de Chocolate de Leite,0.165,KG,1.99,12.06,€
4235,7651175,mercearia,Rebuçados VapoMentol,0.072,KG,1.99,27.64,€
4236,7279410,mercearia,Suspiros Finos,0.07,KG,1.84,26.29,€
4237,2581045,mercearia,Drageias de Menta,0.008,KG,1.55,193.75,€
4238,3597208,mercearia,Gomas Party Mix,0.4,KG,4.26,10.65,€
4239,7335476,mercearia,Bolachas Wafers Bites de Cacau,0.125,KG,1.19,9.52,€
4240,3617341,mercearia,Arroz Risotto Arbório,0.5,KG,2.84,5.68,€
4241,7382990,mercearia,"Bolacha Crisp Bread Queijo,Tomate e Alho",0.13,KG,2.79,21.46,€
4242,7286819,mercearia,Farinha de Trigo para Kibe,0.5,KG,2.66,5.32,€
4243,7329338,mercearia,Snack de Chocolate Negro com Amêndoa 50% Cacau sem Glúten,0.03,KG,0.99,33.00,€
4244,4970632,mercearia,Granulado Colorido,0.1,KG,1.39,13.90,€
4245,5218923,mercearia,Café em Grão Torrado Platinum Int 4,0.5,KG,16.99,33.98,€
4246,7143282,mercearia,Polvilho Doce sem Glúten,0.5,KG,2.99,5.98,€
4247,7539056,mercearia,Pasta Mix Frutos Secos,0.18,KG,3.49,19.39,€
4248,7728430,mercearia,Filetes de Cavala em Azeite Biológico,0.12,KG,1.94,21.56,€
4249,7473525,mercearia,Molho Pesto Rosso sem Glúten,0.135,KG,3.49,25.85,€
4250,5884091,mercearia,Café Solúvel Grancafé Gold,0.1,KG,3.44,34.40,€
4251,7405346,mercearia,Cápsulas de Café Descafeinado Int 7,10.0,UN,2.99,0.30,€
4252,5982498,mercearia,Sementes de Cardamomo para Gin,0.025,KG,4.49,179.60,€
4253,4786710,mercearia,Cápsulas de Café Cortado Espresso Macchiato,16.0,UN,5.19,0.32,€
4254,6420957,mercearia,Broinhas com Ovos Moles e Mirtillo,0.25,KG,4.49,17.96,€
4255,6924431,mercearia,"Refeição para Bebé Frango, Vitela e Legumes +4M",0.235,KG,1.99,8.47,€
4256,7632793,mercearia,Cabaz nº 11,1.0,KG,39.99,39.99,€
4257,7072080,mercearia,Caramelos de Mirtilo,0.032,KG,0.75,23.44,€
4258,6562494,mercearia,Leite em Pó Prosyneo HA para Lactentes 1 até 6M sem Glúten,0.8,KG,24.14,30.18,€
4259,6244386,mercearia,Chilli Vegetal,0.32,KG,4.65,14.53,€
4260,6385417,mercearia,Gengibre Sushi,0.19,KG,3.99,21.00,€
4261,7010177,mercearia,Infusão Detox Saquetas,10.0,UN,0.79,0.08,€
4262,7300039,mercearia,Vinagre de Arroz,0.15,LT,1.34,8.93,€
4263,7276042,mercearia,Azeite Virgem Extra Premium Lote Seleção,0.5,LT,9.42,18.84,€
4264,7355126,mercearia,Cereais de Chocolate,0.35,KG,4.85,13.86,€
4265,7319488,mercearia,Snack para Bebé de Framboesa NutriPuffs +8M,0.007,KG,0.64,91.43,€
4266,2014380,mercearia,Bicarbonato de Sódio Alimentar,0.25,KG,1.19,4.76,€
4267,7725820,mercearia,Mel Rosmaninho,0.3,KG,3.59,11.97,€
4268,7648305,mercearia,Preparado para Bolo de Chocolate,0.4,KG,1.79,4.48,€
4269,2004430,mercearia,Farinha de Milho,0.5,KG,1.29,2.58,€
4270,7646702,mercearia,Tablete de Chocolate Culinária Praliné,0.17,KG,3.29,19.35,€
4271,7639813,mercearia,Doce de Figos,0.35,KG,3.44,9.83,€
4272,3869321,mercearia,Cápsulas de Café Espresso Intenso Int 7,16.0,UN,5.49,0.34,€
4273,7712087,mercearia,Fermento em Pó,0.18,KG,3.29,18.28,€
4274,7486926,mercearia,Papa Infantil Farinha Não Láctea Multifrutos +4M sem Glúten,0.25,KG,2.63,10.52,€
4275,7056027,mercearia,Leite Condensado para Topping,0.45,KG,3.85,8.56,€
4276,7380481,mercearia,Manteiga de Amendoim com Chocolate,0.25,KG,2.99,11.96,€
4277,7388333,mercearia,Granola Chocolate E Morango,0.3,KG,3.49,11.63,€
4278,5485704,mercearia,"Tempero de Alho, Pimentão e Louro Cubos",8.0,KG,2.49,34.58,€
4279,7724414,mercearia,Chá Moro e Hibisco Saquetas,10.0,KG,6.99,466.00,€
4280,2004163,mercearia,Caldo de Carne Cubos,8.0,KG,2.3,28.75,€
4281,7388364,mercearia,Granola Multicereais,0.3,KG,3.19,10.63,€
4282,7521191,mercearia,Gelatina Pronta Banana Proteína,0.08,KG,3.14,39.25,€
4283,2093742,mercearia,Leite de Creme,4.0,KG,0.59,6.41,€
4284,7682063,mercearia,Preparado para Bolo de Chocolate,0.475,KG,3.29,6.93,€
4285,5895704,mercearia,Massa Esparguete de Espelta Integral,0.5,KG,4.48,8.96,€
4286,7497974,mercearia,Pastilhas Elásticas de Gengibre e Açafrão,0.021,KG,1.99,94.76,€
4287,7251807,mercearia,Cacau Magro em Pó sem Glúten,0.125,KG,1.95,15.60,€
4288,6561375,mercearia,Hambúrguer Sementes sem Glúten,0.16,KG,3.39,21.19,€
4289,5235721,mercearia,Tablete de Chocolate Negro e Frutos Vermelhos,0.125,KG,2.99,23.92,€
4290,4273585,mercearia,Chá Verde Saquetas,10.0,KG,2.69,44.83,€
4291,7539611,mercearia,Leite de Coco Condensado,0.32,KG,2.95,9.22,€
4292,4088120,mercearia,Feijão Mung Verde,0.5,KG,2.99,5.98,€
4293,6272150,mercearia,"Saqueta de Fruta Pera, Banana, Laranja e Bolacha +6M",0.09,KG,0.99,11.00,€
4294,7413148,mercearia,Nestum Super Pele Saudável +3A,0.21,KG,3.75,17.86,€
4295,5563309,mercearia,Torta com Recheio de Chocolate e Avelã,0.3,KG,2.99,9.97,€
4296,6093818,mercearia,Leite em Pó de Continuação Pro Alfa 2 +6M sem Glúten,0.8,KG,12.84,16.05,€
4297,7682396,mercearia,Pimenta para Bife em Grão Saqueta,0.035,KG,2.79,79.71,€
4298,2319757,mercearia,Gelatina em Pó Neutra,0.02,KG,1.29,64.50,€
4299,7635961,mercearia,Máquina Café Expresso,1.0,UN,34.99,34.99,€
4300,7022663,mercearia,Leite em Pó para Lactentes 1 até 6M sem Glúten,0.8,KG,17.59,21.99,€
4301,5552212,mercearia,Pappadums Simples,0.1,KG,2.99,29.90,€
4302,5137484,mercearia,Tablete de Chocolate com Drageias,0.25,KG,4.39,17.56,€
4303,7412941,mercearia,Pasta 100% Cajú sem Glúten,0.18,KG,4.49,24.94,€
4304,7439760,mercearia,Bebida de Chocolate Solúvel Signature 42% Cacau sem Glúten,0.33,KG,5.19,15.73,€
4305,7131363,mercearia,Granola Coco e Goji,0.3,KG,3.79,12.63,€
4306,5184570,mercearia,Drageias de Morango Mix,0.038,KG,0.9,23.68,€
4307,4315750,mercearia,Papa Infantil Láctea Multifrutos +4M sem Glúten,0.25,KG,3.76,15.04,€
4308,6951102,mercearia,Milho Doce sem Glúten,3.0,KG,3.19,7.60,€
4309,4946302,mercearia,Caramelo Chocolate Toffee,0.12,KG,2.39,19.92,€
4310,5539286,mercearia,Café Solúvel Descafeinado,0.1,KG,4.59,45.90,€
4311,5982479,mercearia,Flor de Hibisco para Gin,0.01,KG,3.89,389.00,€
4312,7422934,mercearia,Bolachas Cookies com Pepitas de Chocolate e Coco,0.18,KG,3.89,21.61,€
4313,6395063,mercearia,Saqueta de Fruta Banana e Maçã +3A,0.09,KG,0.83,9.22,€
4314,7378979,mercearia,Cápsulas de Café Latte Int 6,12.0,UN,4.99,0.42,€
4315,6024010,mercearia,Drageias 2H Intense Mint,0.035,KG,2.3,65.71,€
4316,7473520,mercearia,Vinagre de Maçã Spray,0.25,LT,4.99,19.96,€
4317,7223987,mercearia,Café em Grão Torrado Lote Dak Lak Int 10,0.22,KG,4.49,20.41,€
4318,2313050,mercearia,Tapioca Brasileira sem Glúten,0.25,KG,1.69,6.76,€
4319,4024012,mercearia,Tablete de Chocolate Culinária 41% Cacau,0.2,KG,2.64,13.20,€
4320,2758489,mercearia,Milho Painço Millet,0.5,KG,2.29,4.58,€
4321,4878568,mercearia,Biscoitos de Linhaça,0.2,KG,2.69,10.76,€
4322,2817405,mercearia,Coco Ralado,0.2,KG,2.19,10.95,€
4323,7550774,mercearia,Cravinho Grão Saquetas,0.022,KG,1.79,81.36,€
4324,7069347,mercearia,Cápsulas de Café Ristretto Napoli Int 13,30.0,UN,9.99,0.33,€
4325,4701296,mercearia,Leite em Pó de Transição Supreme H.A. 2 +6M sem Glúten,0.8,KG,25.99,32.49,€
4326,6773745,mercearia,Vinagre de Sidra,0.5,LT,1.22,2.44,€
4327,2877353,mercearia,Infusão Nº33 Sene Saquetas,10.0,UN,0.99,0.10,€
4328,2711462,mercearia,Mel Frasco,0.26,KG,4.99,19.19,€
4329,7727763,mercearia,Pepitas de Chocolate Negro,0.1,KG,3.89,38.90,€
4330,5332879,mercearia,Café Moído Torrado Platinum Moagem Universal Int 4,0.25,KG,6.99,27.96,€
4331,6995943,mercearia,Preparado para Panquecas com Amendoim e Pepitas de Chocolate sem Glúten,0.4,KG,4.28,10.70,€
4332,7450625,mercearia,Tablete de Chocolate de Leite e Avelã,0.165,KG,1.99,12.06,€
4333,4086836,mercearia,Salsichas de Soja,0.39,KG,4.69,12.03,€
4334,4904751,mercearia,Cereais Chocolate,0.5,KG,5.19,10.38,€
4335,7642023,mercearia,Gelatina em Pó Zero% de Maçã,0.026,KG,1.04,40.00,€
4336,5877169,mercearia,Pastilhas Elásticas Max Watermelon Frost,0.02,KG,1.09,54.50,€
4337,4878569,mercearia,Sementes de Papoila,0.2,KG,3.39,16.95,€
4338,7382009,mercearia,Bolachas com Passas e Sementes,0.2,KG,2.29,11.45,€
4339,6331861,mercearia,Vinagre Balsâmico,0.5,LT,6.39,12.78,€
4340,4914250,mercearia,Chupas Sortido,0.094,KG,1.74,18.51,€
4341,2925032,mercearia,Pastilhas Elásticas de Spearmint,0.016,KG,0.99,61.88,€
4342,7384248,mercearia,Snack de Chocolate de Leite Crunch,0.033,KG,0.85,25.76,€
4343,7708039,mercearia,Bolachas Chocolate com Recheio de Coco Secret Biscuits,0.132,KG,3.89,29.47,€
4344,2037292,mercearia,Gelatina em Folhas Branca,0.02,KG,2.19,109.50,€
4345,5416728,mercearia,Doce Abóbora Temporada,0.325,KG,3.44,9.83,€
4346,6652880,mercearia,Leite em Pó Confort para Lactentes Desde o Nascimento até 6M,0.8,KG,19.42,24.28,€
4347,6415249,mercearia,Couve Branca,0.84,KG,3.29,7.83,€
4348,7473530,mercearia,Molho Carbonara,0.28,KG,5.39,19.25,€
4349,7727157,mercearia,Feijão Encarnado,0.66,KG,3.89,8.10,€
4350,5409141,mercearia,Molho de Soja Sushi e Sashimi,0.25,LT,4.74,18.96,€
4351,4857902,mercearia,Adoçante com Stevia,0.04,KG,2.44,61.00,€
4352,5248532,mercearia,Cereais Trigo Integral com Mel,0.25,KG,2.99,11.96,€
4353,7638577,mercearia,Bombons de Chocolate com Oferta Café L'Or Ristretto Int 11 10un,0.25,UN,6.49,6.49,€
4354,6788265,mercearia,Preparado para Brownie,0.37,KG,4.69,12.68,€
4355,6330216,mercearia,Tempero em Pó de Galinha sem Glúten,0.135,KG,4.3,31.85,€
4356,7244182,mercearia,Nestlé Dark Tablete de Chocolate Negro 85% Cacau sem Glúten,0.12,KG,2.99,24.92,€
4357,5384953,mercearia,Tablete de Chocolate 70% Cacau sem Glúten,0.1,KG,2.19,21.90,€
4358,6537482,mercearia,"Papas de Aveia, Banana e Cacau",0.3,KG,4.99,16.63,€
4359,7264568,mercearia,Bolachas Recheadas com Baunilha Mega Duo,0.5,KG,2.49,4.98,€
4360,2167578,mercearia,Doce Alperce,0.33,KG,2.99,9.06,€
4361,7305456,mercearia,Café Moído Qualitá Oro Int 5,0.25,KG,4.39,17.56,€
4362,5409142,mercearia,Molho Wok,0.25,LT,4.74,18.96,€
4363,5046433,mercearia,Vinagre de Vinho Branco Spray,0.25,LT,1.49,5.96,€
4364,5929781,mercearia,Tablete de Chocolate de Leite com Mel e Amêndoas,0.36,KG,7.49,20.81,€
4365,6556709,mercearia,Geleia de Agave,0.36,LT,5.24,14.56,€
4366,7727969,mercearia,Caldo de Cogumelos,6.0,KG,1.84,30.67,€
4367,7740993,mercearia,Cabaz nº9,1.0,KG,34.99,34.99,€
4368,4121946,mercearia,Bombons de Chocolate Temptation's,0.124,KG,3.29,26.53,€
4369,3068584,mercearia,Cogumelos Laminados Condimentados sem Glúten,0.355,KG,1.79,8.14,€
4370,2816599,mercearia,Carolo de Milho sem Glúten,0.5,KG,0.99,1.98,€
4371,4491765,mercearia,Bolachas Integrais de Cacau,0.2,KG,3.69,18.45,€
4372,5124599,mercearia,Bolachas Cream Cracker Integrais,0.6,KG,2.78,4.63,€
4373,4273616,mercearia,Sementes de Abóbora,0.15,KG,2.29,15.27,€
4374,7330704,mercearia,Massa Fettuccine de Soja sem Glúten,0.2,KG,3.1,15.50,€
4375,7521184,mercearia,Preparado para Panquecas,0.26,KG,5.99,23.04,€
4376,7709813,mercearia,Creme de Barrar Cacau,0.2,KG,6.99,34.95,€
4377,7074582,mercearia,Cápsulas de Café Roast Collection Smooth Int 7,10.0,UN,4.59,0.46,€
4378,7268801,mercearia,Tablete Chocolate de Leite com Avelãs,0.1,KG,1.59,15.90,€
4379,6930542,mercearia,Cápsulas de Cereais Qids,10.0,UN,3.99,0.40,€
4380,7320841,mercearia,Cápsulas de Café Latte Amêndoa Int 5,12.0,UN,5.89,0.49,€
4381,6464425,mercearia,Café em Grão Premium,1.0,KG,9.79,9.79,€
4382,6917860,mercearia,Atum com Molho de Alho,0.11,KG,4.99,45.36,€
4383,5779324,mercearia,Compota Mirtilo,0.25,KG,4.99,19.96,€
4384,6786929,mercearia,Recarga Green,0.3,KG,3.94,13.13,€
4385,2004692,mercearia,Café Solúvel,0.1,KG,4.94,49.40,€
4386,6190465,mercearia,Café Moído Torrado Moagem Universal Lote Santa Bárbara Int 9,0.22,KG,4.49,20.41,€
4387,6473900,mercearia,Tablete de Chocolate com Amêndoa e Caramelo,0.3,KG,4.39,14.63,€
4388,7520713,mercearia,Tablete Chocolate 51%Proteínas Amêndoas e Cereais sem Glúten,0.027,KG,0.99,36.67,€
4389,7651847,mercearia,Farinha de Arroz Integral,0.5,KG,2.29,4.58,€
4390,7466835,mercearia,Snack Chips de Frango Bica Pica,0.02,KG,1.78,89.00,€
4391,6773403,mercearia,Farinha de Amêndoa com Pele sem Glúten,0.2,KG,6.89,34.45,€
4392,7213475,mercearia,Snack de Chocolate White Kinder Bueno,0.39,KG,8.85,20.58,€
4393,7649033,mercearia,Creme para Barrar Biscoff,0.4,KG,5.99,14.98,€
4394,5093499,mercearia,Rebuçados com Recheio de Mel sem Glúten,0.25,KG,2.99,11.96,€
4395,6879242,mercearia,Farinha de Trigo Sarraceno,0.5,KG,4.39,8.78,€
4396,7435540,mercearia,Conjunto de Saquetas de Fruta Banana e Maçã +4M,4.0,KG,2.84,7.89,€
4397,2231035,mercearia,Tortitas de Arroz Integral,0.13,KG,2.05,15.77,€
4398,7537012,mercearia,Massa Macarronete Penne com Alga Kombu,0.3,KG,3.1,10.33,€
4399,6426079,mercearia,Doce de Abóbora Balcão,0.1,UN,6.69,0.67,€
4400,7251796,mercearia,Chocolate em Pó 50% Cacau,0.125,KG,1.39,11.12,€
4401,7072609,mercearia,Boião de Fruta Banana e Maçã +4M,0.12,KG,1.15,9.58,€
4402,2390859,mercearia,Crepes,0.38,KG,3.89,10.24,€
4403,6858086,mercearia,Espelta Expandida,0.15,KG,2.55,17.00,€
4404,6295211,mercearia,Molho Chutney de Manga e Gengibre em Vidro sem Glúten,0.35,KG,3.87,11.06,€
4405,7612663,mercearia,Noodles Fusian Teriyak,0.13,KG,2.29,17.62,€
4406,7539065,mercearia,Cápsulas de Café Ristretto Int 11,10.0,UN,4.29,0.43,€
4407,5927208,mercearia,Vinagre para Sushi,0.3,LT,4.74,15.80,€
4408,7368480,mercearia,Sardinha em Óleo Vegetal Picante,0.12,KG,0.89,€10.47, 
4409,7594026,mercearia,Molho Sriracha,0.435,LT,5.79,13.31,€
4410,7087665,mercearia,Fermento de Padeiro,0.045,KG,2.19,81.11,€
4411,7245935,mercearia,Bolachas Cookies Sensations Oreo,0.156,KG,2.89,18.53,€
4412,7201384,mercearia,Máquina de Café Filtro KDCM5024,1.0,UN,21.99,21.99,€
4413,5895715,mercearia,Granola Krunchy de Avelã  e Chocolate Negro,0.375,KG,5.55,14.80,€
4414,6194451,mercearia,Cápsulas de Café Ristretto Int 11,10.0,UN,3.39,0.34,€
4415,4817303,mercearia,Chá Hipericão Gerês,0.05,KG,3.29,65.80,€
4416,7458011,mercearia,Mel,0.25,KG,5.49,21.96,€
4417,7465053,mercearia,Nestlé Sobremesas Tablete de Chocolate Branco Culinária sem Glúten,0.18,UN,2.99,16.61,€
4418,7520765,mercearia,Molho Aioli com Chipotle,0.14,LT,1.39,9.93,€
4419,2005660,mercearia,Chocolate Branco,0.1,KG,2.99,29.90,€
4420,7227860,mercearia,"Mistura para Muffins Maçã, Canela e Gengibre sem Glúten",0.35,KG,4.28,12.23,€
4421,4312958,mercearia,Sopa de Tomate,0.4,KG,3.65,9.13,€
4422,4668254,mercearia,Geleia de Agave,0.5,KG,6.99,13.98,€
4423,7209849,mercearia,Drageias Berry Mix,0.164,KG,2.79,17.01,€
4424,7557695,mercearia,Cápsulas de Café Uganda Int 12,10.0,UN,2.79,0.28,€
4425,7191221,mercearia,Quinoa,2.0,KG,3.29,16.45,€
4426,7158969,mercearia,Granola All Bran Prebiotic Clássico,0.38,KG,5.19,13.66,€
4427,7405494,mercearia,Cápsulas de Café Cremoso Int 7,16.0,UN,5.09,0.32,€
4428,4817039,mercearia,Chá Cavalinha Planta,0.05,KG,1.45,29.00,€
4429,4933581,mercearia,Maionese Receita Económica Top Down,0.43,LT,1.74,4.05,€
4430,7252429,mercearia,Tablete de Chocolate Excellence 100% Cacau,0.05,KG,3.99,79.80,€
4431,6903635,mercearia,Sal Preto do Chipre com Moínho,0.05,KG,4.49,89.80,€
4432,4470544,mercearia,Bolos Económicos,0.5,KG,4.69,9.38,€
4433,5220292,mercearia,Aroma de Baunilha em Pó sem Glúten,0.012,KG,1.19,99.17,€
4434,7016838,mercearia,Super Pequeno Almoço Avelã e Alfarroba sem Glúten,0.3,KG,5.99,19.97,€
4435,6715883,mercearia,Doce Laranja,0.25,KG,2.39,9.56,€
4437,7368595,mercearia,Máquina de Café Cápsulas Sistema Exclusivo Continente Grazie Azul Marinho,1.0,UN,24.99,24.99,€
4438,7130045,mercearia,Leite de Transição Líquido Optipro 2 +6M sem Glúten,4.0,LT,9.74,4.87,€
4439,2843289,mercearia,Bombons de Chocolate,0.25,KG,7.69,30.76,€
4440,2193606,mercearia,Kit para Tacos,0.273,KG,4.99,15.94,€
4441,2317807,mercearia,Preparado para Delícia Semifria Cheesecake,0.325,KG,4.29,13.20,€
4442,2798694,mercearia,Azeite Virgem Extra Premium,0.5,LT,5.33,10.66,€
4443,7430457,mercearia,Snacks Tortilha Chips Barbecue,0.135,KG,1.59,11.78,€
4444,2559526,mercearia,Mousse de Chocolate Preto,0.148,KG,1.69,11.42,€
4445,2180145,mercearia,Jaca em Calda,0.565,KG,2.95,12.83,€
4446,6317072,mercearia,Tablete de Chocolate de Leite Extra Fino,3.0,KG,4.38,17.52,€
4447,6938929,mercearia,Preparado para Baba de Camelo,0.1,KG,1.75,17.50,€
4448,2232436,mercearia,Cereais Corn Flakes sem Glúten,0.3,KG,3.71,12.37,€
4449,7285397,mercearia,Patê de Sardinha com Ingredientes Biológicos,0.075,KG,1.69,22.53,€
4450,2452487,mercearia,Caramelos Original,0.05,KG,1.19,23.80,€
4451,7122561,mercearia,Leite Líquido de Transição Optipro 2 +6M sem Glúten,0.5,LT,2.44,4.88,€
4452,2525605,mercearia,Aroma Baunilha Líquido,0.02,LT,2.49,124.50,€
4453,2451347,mercearia,Chupas Original sem Glúten,0.12,KG,1.69,14.08,€
4454,7536683,mercearia,Gomas Natural Sour Fruit Mix,0.18,KG,3.39,18.83,€
4455,7706406,mercearia,Tablete de Chocolate de Leite com Amêndoas Inteiras,0.27,KG,4.39,16.26,€
4456,7576987,mercearia,Erva Doce Saqueta,0.035,KG,0.99,28.29,€
4457,7067804,mercearia,Bebida Solúvel Chicória e Café,0.25,KG,4.79,19.16,€
4458,7706082,mercearia,Bolachas Cookies com Cobertura Chocolate Branco Choco Bom,0.2,KG,2.99,14.95,€
4459,7731124,mercearia,Creme para Barrar Avelãs,0.18,UN,3.19,17.72,€
4460,5042846,mercearia,Mistura de Falafel,0.15,KG,2.39,15.93,€
4461,6257148,mercearia,Azeite Virgem Extra Reserva Lata,0.5,LT,4.42,8.84,€
4462,6116913,mercearia,Aveia Tufada com Mel sem Glúten,0.24,KG,4.42,18.42,€
4463,2005413,mercearia,Infusão Nº2 Diabetssil Saquetas,10.0,UN,1.29,0.13,€
4464,7305457,mercearia,Café em Grão Qualitá Rossa Int 5,0.5,KG,7.19,14.38,€
4465,7722870,mercearia,Snack Salgado Tomate Menos 60% Gordura,0.065,KG,2.39,36.77,€
4466,5726227,mercearia,Tablete de Chocolate Branco,0.1,KG,2.99,29.90,€
4467,2840208,mercearia,Preparado Gelado Azul,0.4,LT,2.09,5.23,€
4469,5800846,mercearia,Topping de Caramelo,0.38,KG,4.33,11.39,€
4470,7228926,mercearia,Chá Perpétua Roxa,0.04,KG,2.49,62.25,€
4471,7116708,mercearia,Farinha Mistura Culinária sem Glúten,1.0,KG,2.82,2.82,€
4472,6242486,mercearia,Molho Piri-piri Sacana Ai-Ai,0.075,LT,3.09,41.20,€
4473,7078034,mercearia,Gelatina Pronta + Proteína Frutos Vermelhos,0.4,KG,3.49,8.73,€
4474,7656720,mercearia,Bolachas Wafers Quadratini com Recheio Manteiga de Amendoim,0.125,KG,2.69,21.52,€
4475,6433240,mercearia,Paçoca Doce de Amendoim,0.3,KG,3.29,10.97,€
4476,5591020,mercearia,Molho HP The Original,0.225,KG,4.49,19.96,€
4477,5479964,mercearia,Mousse de Limão,0.125,KG,2.29,18.32,€
4478,5611014,mercearia,Tablete de Chocolate Negro 82% Cacau,0.1,KG,1.99,19.90,€
4479,4301523,mercearia,Chupas Sortido sem Glúten,0.066,KG,3.8,57.58,€
4480,5895604,mercearia,Cacau em Pó,0.1,KG,2.74,27.40,€
4481,7410757,mercearia,Creme Vinagre Figo Seco Moreno,0.25,LT,2.04,8.16,€
4482,7721594,mercearia,Vitamina C e Ácido Hialurónico,30.0,KG,7.99,185.81,€
4483,5594962,mercearia,Drageias Fruits,0.174,KG,3.39,19.48,€
4484,4969458,mercearia,Molho Teriyaki Marinada,0.25,LT,5.09,20.36,€
4485,4097418,mercearia,Molho Salada Caesar Top Down,0.4,LT,6.09,15.23,€
4486,4346737,mercearia,Papa Infantil Não Láctea 8 Cereais e Mel +6M,0.25,KG,3.19,12.76,€
4487,2964841,mercearia,Farinha de Alfarroba sem Glúten,0.25,KG,2.99,11.96,€
4488,7741391,mercearia,"Tablete de Chocolate, Bolacha e Avelãs Les Recettes de L'Atelier",0.15,KG,3.49,23.27,€
4489,2007357,mercearia,Massa Penne Rigate,0.5,KG,1.97,3.94,€
4490,6719092,mercearia,Manteiga de Amendoim com Coco sem Glúten,0.225,KG,2.99,13.29,€
4491,7588294,mercearia,Cereais Cini Minis Churros,0.36,KG,4.49,12.47,€
4492,6917858,mercearia,Muxama de Atum,0.11,KG,5.69,51.73,€
4493,5988757,mercearia,Flor de Laranjeira para Gin,0.008,KG,3.3,412.50,€
4494,2662691,mercearia,Bolacha Maria Hojaldrada,0.15,KG,3.29,5.48,€
4495,6469296,mercearia,Topping de Morango sem Glúten,0.295,KG,2.09,7.08,€
4496,4430301,mercearia,Bagas de Arando,0.125,KG,2.99,23.92,€
4497,2982954,mercearia,Snack de Chocolate Happy Hippo,5.0,KG,2.49,24.17,€
4498,7073318,mercearia,Papa Infantil Farinha Não Láctea 8 Cereais e Mel +6M,0.34,KG,2.95,8.68,€
4499,7539019,mercearia,Leite em Pó Magro +12M,0.38,UN,5.74,5.74,€
4500,3818614,mercearia,Marmelada,0.8,KG,3.59,4.49,€
4501,7714908,mercearia,Massa Noodles de Arroz sem Glúten,0.25,KG,2.78,11.12,€
4502,7421259,mercearia,Pimenta Cayenne com Moinho em Frasco,0.024,KG,2.89,120.42,€
4503,7733115,mercearia,Creme para Barrar Chocolate,0.19,KG,3.19,16.79,€
4504,2005420,mercearia,Infusão Nº1 Colesterolssil Saquetas,10.0,UN,1.29,0.13,€
4505,2003602,mercearia,Cereais Trigo Fibra Integral,0.43,KG,3.83,8.91,€
4506,5388939,mercearia,Caldo de Galinha Cubos,6.0,KG,1.39,23.17,€
4507,7314349,mercearia,Cápsulas de Café Índia Int 12,10.0,UN,2.29,0.23,€
4508,6255369,mercearia,Pimenta Preta Moída Lampong em Frasco,0.035,KG,3.19,91.14,€
4509,7105773,mercearia,Café Solúvel Gold Descafeinado,0.1,KG,5.39,53.90,€
4510,7084297,mercearia,Muesli Frutos Vermelhos sem Glúten,0.375,KG,5.83,15.55,€
4511,5799779,mercearia,Molho Pitta,0.25,LT,2.38,9.52,€
4512,5982477,mercearia,Bagas de Zimbro para Gin,0.025,KG,3.9,156.00,€
4513,6614226,mercearia,Edamame Cozido sem Glúten,0.16,KG,2.74,21.08,€
4514,7379547,mercearia,Condimento Azeite Virgem Extra Trufa,0.25,LT,3.76,15.04,€
4515,2874274,mercearia,Biscoitos de Maçã e Canela,0.25,KG,3.45,13.80,€
4516,7416422,mercearia,"Tablete Excellence Arandos, Amêndoas e Avelãs",0.1,KG,2.99,29.90,€
4517,5895550,mercearia,Cacau Cru em Pó,0.1,KG,2.49,24.90,€
4518,6292281,mercearia,Cebola Frita Crocante,0.1,KG,1.79,17.90,€
4519,4315746,mercearia,Papa Infantil Não Láctea Milho e Arroz +4M sem Glúten,0.25,KG,3.85,15.40,€
4520,5013046,mercearia,Leite em Pó de Transição 2 +6M sem Glúten,2.0,KG,26.84,16.78,€
4521,2834598,mercearia,Puré de Fruta Maça e Banana +4M,4.0,KG,2.44,6.10,€
4522,5036358,mercearia,Óleo de Sésamo,0.5,LT,9.5,19.00,€
4523,2005401,mercearia,Chá de Plantas Nº6 Obesidadssil Saquetas,0.1,KG,2.49,24.90,€
4524,3729842,mercearia,Creme Vinagre Balsâmico de Modena,0.25,LT,4.99,16.63,€
4525,5767649,mercearia,Preparado para Pudim de Laranja Caseiro,0.2,KG,1.99,9.95,€
4526,2834660,mercearia,Boião de Fruta Maçã e Pera +4M,4.0,KG,2.44,6.10,€
4527,7718392,mercearia,Milho Amarelo Canjica-Cachupa,0.5,KG,1.7,3.40,€
4528,5398710,mercearia,Preparado para Bolo de Coco com Calda,0.45,KG,3.59,7.98,€
4529,4491883,mercearia,Gomas Brilho Sortido sem Glúten,0.15,KG,1.94,12.93,€
4530,7756409,mercearia,Cápsulas de Café Aroma Intenso Int 10,30.0,UN,6.99,0.23,€
4531,2725521,mercearia,Anis Estrelado em Saqueta,0.025,KG,2.23,89.20,€
4532,7707494,mercearia,Infusão Moringa e Maracujá,20.0,UN,2.09,0.10,€
4533,7520712,mercearia,Drageias Pintarolas Superwings sem Glúten,0.022,KG,0.59,26.82,€
4534,7338461,mercearia,Drageias Lacasitos Toy Cry Babies,0.02,KG,1.79,89.50,€
4535,2003629,mercearia,Drageia Boneco e Recarga,0.029,KG,3.45,118.97,€
4536,7703616,mercearia,Bolachas Pick Up Recheio Avelã,0.112,KG,2.39,21.34,€
4537,2005661,mercearia,"Snack de Chocolate Negro, Mel e Amêndoa sem Glúten",0.1,KG,2.99,29.90,€
4538,6949467,mercearia,Gelatina em Pó Zero% de Manga,0.026,KG,1.04,40.00,€
4539,6208274,mercearia,Vinagre de Maçã Fruta Portuguesa,0.25,LT,1.39,5.56,€
4540,2004756,mercearia,Café Mistura Ibérica Torrada Moída,0.25,KG,2.29,9.16,€
4541,4113232,mercearia,Tablete de Chocolate com Avelã e Passas,0.1,KG,2.29,22.90,€
4542,6418259,mercearia,Molho Agridoce,0.24,KG,4.39,18.29,€
4543,7657165,mercearia,Quinoa Cozida,0.12,KG,1.29,10.75,€
4544,7741387,mercearia,Tablete de Chocolate Negro e Avelãs Les Recettes de L'Atelier,0.15,KG,3.49,23.27,€
4545,6663552,mercearia,Drageias de Chocolate com Amendoim,0.07,KG,1.65,23.57,€
4546,7364798,mercearia,Bolachas de Aveia com Frutos Vermelhos,0.2,KG,2.39,11.95,€
4547,5799342,mercearia,Pastilhas Elásticas Fruit Lime,0.078,KG,2.95,49.17,€
4548,6065412,mercearia,Caril Tandoori em Frasco,0.037,KG,2.69,72.70,€
4549,7068326,mercearia,Corante Líquido Vermelho,0.025,LT,1.64,65.60,€
4550,2527655,mercearia,Drageias de Chocolate,0.045,KG,1.15,25.56,€
4551,6185896,mercearia,Leite em Pó para Lactentes Pro Alfa 1 até 6M,0.8,KG,16.59,20.74,€
4552,7554424,mercearia,Bolachas Gengibre e Canela sem Glúten,0.125,KG,2.14,17.12,€
4553,2005410,mercearia,Infusão Nº4 Fígavessil Saquetas,10.0,UN,1.29,0.13,€
4554,6272148,mercearia,Saqueta de Maçã e Banana Fruta & Go +6M,0.09,KG,0.99,11.00,€
4555,5191967,mercearia,Tablete de Chocolate com Bolacha,0.1,KG,1.24,12.40,€
4556,7375864,mercearia,Xarope de Tãmara,0.25,KG,5.56,22.24,€
4557,5949633,mercearia,Rebuçados de Melancia,0.032,KG,0.94,29.38,€
4558,7748034,mercearia,Gelificante Ágar Orgânico,2.0,KG,2.84,94.67,€
4559,6908614,mercearia,Super Papas Aveia Cacau e Avelã sem Glúten,0.05,KG,1.49,29.80,€
4560,5316679,mercearia,Chupas Mini Sortido sem Glúten,0.12,KG,3.6,30.00,€
4561,7273116,mercearia,Creme para Barrar Cacau e Avelãs,0.19,KG,2.39,12.58,€
4562,5895869,mercearia,Trigo Puff Expandido,0.15,KG,2.38,15.87,€
4563,7213119,mercearia,Pão Indiano tipo Naan com Alho,0.45,KG,4.39,9.76,€
4564,7730371,mercearia,Creatina Mono-Hidratada Natural,0.15,KG,17.99,119.93,€
4565,7071448,mercearia,Vagem de Baunilha,1.0,KG,6.79,1.697.50,€
4566,5044512,mercearia,Mistura para Pão de Queijo sem Glúten,0.5,KG,5.89,11.78,€
4567,6385415,mercearia,Vinagre de Arroz,0.15,LT,2.99,19.93,€
4568,7487817,mercearia,Papa Infantil Farinha Não Láctea Cereais +4M sem Glúten,0.34,KG,3.19,9.38,€
4569,7372071,mercearia,Papa Infantil Farinha Multifrutos 1ª Papa +4M sem Glúten,0.25,KG,2.44,9.76 ,€
4570,7439761,mercearia,Bebida de Chocolate Solúvel Signature 70% Cacau sem Glúten,0.3,KG,5.19,17.30,€
4571,5300874,mercearia,Tablete de Chocolate com Bolacha Chips Ahoy,0.1,KG,1.74,17.40,€
4572,7552769,mercearia,Refeição Caril e Grão Vegalia,0.42,KG,4.49,10.69,€
4573,7422930,mercearia,Bolachas Recheadas com Caramelo e Pepitas de Chocolate,0.144,KG,3.89,27.01,€
4574,5046387,mercearia,Vinagre de Sidra Pet,0.5,LT,1.43,2.86,€
4575,7501693,mercearia,Escama de Sal Negro,0.09,KG,2.79,31.00,€
4576,6562498,mercearia,Leite em Pó de Transição Prosyneo HA 2 +6M sem Glúten,0.8,KG,24.14,30.18,€
4577,7252346,mercearia,Tablete de Chocolate Negro Laranja e Amêndoas,0.3,KG,6.74,22.47,€
4578,7461473,mercearia,Tablete de Chocolate Negro e Amêndoas,0.3,KG,6.74,22.47,€
4579,6022618,mercearia,Molho de Ostras e Cebolinho,0.12,KG,1.95,16.25,€
4580,4954622,mercearia,Muesli Frutos Silvestres,0.375,KG,5.79,15.44,€
4581,7589021,mercearia,Cabaz nº 5,1.0,KG,23.99,23.99,€
4582,2260330,mercearia,Pastilhas Elásticas Spearmint,0.0145,KG,0.99,70.71,€
4583,7623687,mercearia,Cápsulas de Café Oro Qualità Int 8,10.0,UN,3.19,0.32,€
4584,2842528,mercearia,Café Solúvel Descafeinado Gold Cappuccino,10.0,KG,2.64,21.12,€
4585,6882577,mercearia,Chocolate em Pó,0.125,KG,2.29,18.32,€
4586,4473198,mercearia,Drageias Rainbow,0.04,KG,0.9,23.68,€
4587,7073629,mercearia,Papa Infantil Farinha Não Láctea 8 Cereais e Bolacha +6M,0.34,KG,2.95,8.68,€
4588,5779734,mercearia,"Chá Guaraná, Ginseng e Erva-Mate Energia  Saquetas",10.0,KG,2.89,64.22,€
4589,6262022,mercearia,Tapioca Express sem Glúten,0.25,KG,2.09,8.36,€
4590,7336396,mercearia,Alga Nori,0.014,KG,1.57,112.14,€
4591,6210762,mercearia,Gomas Sortido,1.0,KG,11.99,11.99,€
4592,7334066,mercearia,Cereais Zimmy Canela,0.33,KG,2.49,7.55,€
4593,2260584,mercearia,Snack de Chocolate de Leite com Frutos Secos e Passas Dairy Milk,0.049,KG,1.05,21.43,€
4594,7536977,mercearia,Sopa de Massa e Feijão,0.182,KG,2.19,12.03,€
4595,5069584,mercearia,Infusão Limão e Gengibre Saquetas,20.0,UN,4.05,0.20,€
4596,4760110,mercearia,Kit para Burritos,0.51,KG,6.15,12.06,€
4597,7464716,mercearia,Nestlé Sobremesas Tablete de Chocolate de Leite Culinária sem Glúten,0.17,KG,2.99,17.59,€
4598,6813610,mercearia,Tablete de Chocolate com Amendoim e Caramelo Crocante,0.09,KG,1.74,19.33,€
4599,2627762,mercearia,Bombons de Chocolate Raffaello,0.15,KG,3.99,26.60,€
4600,7609739,mercearia,Gengibre Branco Moído,0.022,KG,1.49,67.73,€
4601,7400066,mercearia,Molho de Soja Doce,0.15,LT,1.34,8.93,€
4602,4877395,mercearia,Infusão Nº41 Carqueja Saquetas,10.0,UN,1.29,0.13,€
4603,6995960,mercearia,Preparado para Panquecas com Banana e Canela sem Glúten,0.4,KG,4.28,10.70,€
4604,7200603,mercearia,Papa Infantil Não Láctea Arroz +4M sem Glúten,0.2,KG,2.49,12.45,€
4605,7398811,mercearia,Puré de Fruta Manga com Leite de Coco +6M,4.0,KG,2.99,7.87,€
4606,6034053,mercearia,Farinha de Trigo e Alfarroba,1.0,KG,2.45,2.45,€
4607,7503537,mercearia,Doce de Maçã e Canela,0.25,KG,2.39,9.56,€
4608,6167511,mercearia,Tablete de Oreo,0.037,KG,1.05,28.38,€
4609,4615745,mercearia,Broas de Milho,0.22,KG,2.29,11.45,€
4610,7022812,mercearia,Leite em Pó para Lactentes 1 até 6M sem Glúten,0.4,KG,8.89,22.23,€
4611,6385394,mercearia,Panko,0.15,KG,2.99,19.93,€
4612,5305006,mercearia,Drageias de Chocolate com Amendoim,0.1,KG,2.45,24.50,€
4613,5815965,mercearia,Tablete de Chocolate Triple,0.09,KG,1.74,19.33,€
4614,4491886,mercearia,Gomas Açúcar Sortido,0.15,KG,1.94,12.93,€
4615,7412743,mercearia,Broas de Mel e Amêndoa,0.35,KG,3.99,11.40,€
4616,2167845,mercearia,Chocolates,0.2,KG,4.69,23.45,€
4617,7244116,mercearia,"Snack de Chocolate de Leite, Amendoim e Milho Kit Kat Pops",0.11,KG,2.99,27.18,€
4618,6819561,mercearia,Farelo de Aveia,0.25,KG,1.49,5.96,€
4619,7536989,mercearia,Gomas Tijolos,0.1,KG,1.29,12.90,€
4620,7244118,mercearia,Snack de Chocolate de Leite e Avelãs com Pedaços de Favas de Cacau Kit Kat Pops,0.11,KG,2.99,27.18,€
4621,2627802,mercearia,Ovo de Chocolate de Leite Kinder Surpresa,0.02,KG,1.35,67.50,€
4622,7473519,mercearia,Vinagre de Maçã com Mel,0.5,LT,3.09,12.36,€
4623,7408113,mercearia,Cápsulas de Café Classico Int 10,16.0,UN,3.99,0.25,€
4624,6373765,mercearia,Pudim Zero% de Chocolate,0.027,KG,0.44,16.30,€
4625,7363338,mercearia,Chupa de Morango Lovers sem Glúten,0.12,KG,3.4,28.33,€
4626,7465431,mercearia,Bolachas de Manteiga Butter Cookies Thin & Crispy,0.4,KG,6.29,15.72,€
4627,2627784,mercearia,Snack de Chocolate Kinder Bueno,0.043,KG,1.15,26.74,€
4628,5460516,mercearia,Café Solúvel Intenso,0.1,KG,3.19,€31.90, 
4629,4710024,mercearia,Snack de Chocolate com Caramelo,0.051,KG,1.15,22.55,€
4630,5837179,mercearia,Molho Jindungo,0.1,LT,2.24,22.40,€
4631,6083203,mercearia,Açúcar de Coco,0.25,KG,3.49,13.96,€
4632,5824203,mercearia,Tablete 70% Cacau e Menta,0.1,KG,2.19,21.90,€
4633,7158976,mercearia,Cereais Special K Aveia e Mel,0.42,KG,3.24,7.71,€
4634,6938684,mercearia,Gelatina em Pó de Maracujá,2.0,KG,1.89,11.12,€
4635,5052059,mercearia,Preparado para Bolo Brigadeiro,0.63,KG,5.99,9.51 ,€
4636,2525638,mercearia,Gelatina Folha Branca,9.0,KG,2.39,140.59,€
4637,7719958,mercearia,Molho Abacate e Wasabi,0.25,LT,2.99,11.96,€
4638,4879598,mercearia,Cardamomo Grão em Frasco,0.024,KG,5.29,220.42,€
4639,6815015,mercearia,Chupa de Morango,0.012,KG,0.65,54.17,€
4640,2627777,mercearia,Bombons de Chocolate Schoko-Bons,0.125,KG,2.99,23.92,€
4641,7068264,mercearia,Aroma de Amêndoa Líquido,0.025,LT,1.64,65.60,€
4642,5602998,mercearia,Conjunto 6 Especiarias para Gin com Colher,0.3,KG,14.15,47.17,€
4643,7722165,mercearia,Chá Frutos Vermelhos Saquetas,10.0,KG,6.99,466.00,€
4644,2877348,mercearia,Infusão Nº28 Barbas de Milho Saquetas,10.0,UN,0.99,0.10,€
4645,2230285,mercearia,Açúcar Baunilhado sem Glúten,0.07,KG,0.79,11.29,€
4646,6985291,mercearia,Bombons de Chocolate com Avelã,0.175,KG,7.06,40.34,€
4647,3610200,mercearia,Caldo para Arroz Cubos sem Glúten,8.0,KG,2.3,28.75,€
4648,7397873,mercearia,Molho Indiano Tandoori,0.45,KG,2.91,6.47,€
4649,5583207,mercearia,Couscous,1.0,KG,3.08,3.08,€
4650,4954958,mercearia,Leite 6 Cereais e Mel +6M,2.0,LT,2.99,7.48,€
4651,2200818,mercearia,Farinho de Trigo Extra Fina T55,5.0,KG,7.49,1.50,€
4652,7414387,mercearia,Snack Chocolate Kit Kat,0.0415,KG,1.49,36.34,€
4654,7625317,mercearia,Cereais All Bran Natural,0.45,KG,3.99,8.87,€
4655,7405436,mercearia,Cápsulas de Café Aroma Originale Int 8,10.0,UN,2.99,0.30,€
4656,5722460,mercearia,Drageias de Chocolate de Leite Smarties,0.038,KG,0.79,20.79,€
4657,7539062,mercearia,Cápsulas de Café Clássico Int 10,10.0,UN,4.29,0.43,€
4658,7501310,mercearia,Farinha de Coco,0.2,KG,1.39,6.95,€
4659,7722163,mercearia,Chá Maçã Verde e Canela Saquetas,10.0,KG,6.99,466.00,€
4660,4228076,mercearia,Drageias de Chocolate de Leite Tubo,0.08,KG,1.86,23.25,€
4661,7457392,mercearia,Snack de Chocolate de Leite Kit Kat,9.0,KG,3.49,18.76,€
4662,5799172,mercearia,Molho Kebab,0.25,LT,1.94,7.76,€
4663,7066241,mercearia,Foie Gras de Pato,0.125,KG,18.99,151.92,€
4664,5586275,mercearia,Cereais Crunchy Nut,0.5,KG,4.59,9.18,€
4665,7722166,mercearia,Chá Limão e Gengibre Saquetas,10.0,KG,6.99,466.00,€
4666,7723806,mercearia,Bolo com Recheio de Caramelo Salgado,2.0,KG,1.19,11.90,€
4667,2005665,mercearia,Bombons de Chocolate de Caramelo com Chocolate e Avelã,0.125,KG,4.05,32.40,€
4668,2218315,mercearia,Infusão Nº17 Hipericão Saquetas,10.0,UN,0.99,0.10,€
4669,2005659,mercearia,"Snack de Chocolate de Leite com Nougat, Mel e Amêndoa",0.1,KG,2.99,29.90,€
4670,6173744,mercearia,Salsichas de Soja,0.4,KG,4.99,19.96,€
4671,7375863,mercearia,Manteiga Amendoim Suave sem Glúten,0.34,KG,4.49,13.21,€
4672,7200059,mercearia,Café Solúvel Gold Espresso Intenso,0.1,KG,5.74,57.40,€
4673,2004307,mercearia,Preparado para Chantilly,0.072,KG,1.99,27.64,€
4674,6022570,mercearia,Molho Agridoce em Saqueta,0.12,KG,1.95,16.25,€
4675,2985700,mercearia,Croissant Maxi com Recheio de Baunilha,0.08,KG,1.52,19.00,€
4676,4877379,mercearia,Infusão Nº43 Quebra Pedra Saquetas,10.0,UN,1.29,0.13,€
4677,7325246,mercearia,Cereais Krave Chocolate Negro,0.41,KG,2.89,7.05,€
4678,5400119,mercearia,Café Moído Torrado Moagem Universal 5 Estrelas Clássico Descafeinado Int 8,0.22,KG,5.99,27.23,€
4679,7621890,mercearia,Preparado para Tarte Oreo,0.21,KG,3.99,19.00,€
4680,6995951,mercearia,Preparado para Panquecas Simples sem Glúten,0.4,KG,3.67,9.17,€
4681,7351681,mercearia,Tus Recetas Rusticas,0.359,KG,2.99,9.97,€
4682,7705502,mercearia,Galetes de Arroz e Aveia,0.13,KG,1.55,11.92,€
4683,6813611,mercearia,Tablete de Chocolate com Oreo e Brownie,0.1,KG,1.74,17.40,€
4684,7363645,mercearia,Molho Tempero Líquido 100% Vegetal,0.125,KG,2.99,23.92,€
4685,6385400,mercearia,Arroz Sushi,0.5,KG,2.44,4.88,€
4686,2308320,mercearia,Farinha Amido de Milho,0.5,KG,2.42,4.84,€
4687,6086679,mercearia,Tablete de Chocolate de Leite com Frutos Secos e Passas Dairy Milk,0.11,KG,2.99,27.18,€
4688,7719957,mercearia,Molho Húmus Beterraba,0.25,LT,2.99,11.96,€
4689,2963759,mercearia,Óleo de Linhaça Virgem,0.25,LT,7.14,28.56,€
4690,2525592,mercearia,Fermento de Padeiro,4.0,KG,1.79,99.44,€
4691,4879600,mercearia,Caril Madras em Frasco,0.045,KG,2.69,59.78,€
4692,7068324,mercearia,Corante Líquido Azul,0.025,UN,1.64,1.64,€
4693,7197083,mercearia,Chá Verde Matcha Saquetas,20.0,UN,1.89,0.09,€
4694,6384966,mercearia,Carne Seca de Bovino sem Glúten,0.5,KG,9.35,18.70,€
4695,7068325,mercearia,Corante Líquido Verde,0.025,LT,1.64,65.60,€
4696,7094064,mercearia,Café Solúvel Black Roast,0.2,KG,5.49,27.45,€
4697,2591829,mercearia,Chantilly Fix,0.0195,KG,1.79,89.50,€
4698,7589020,mercearia,Cabaz nº 2,1.0,KG,15.99,15.99,€
4699,7630190,mercearia,Bebida de Chocolate Solúvel Signature Toffee Nut,10.0,KG,3.24,16.20,€
4700,6123575,mercearia,Folha de Arroz,0.134,KG,3.69,27.54,€
4701,2362888,mercearia,Tablete de Chocolate de Leite com Bolacha,0.3,KG,4.39,14.63,€
4702,5235710,mercearia,Tablete de Chocolate Negro sem Glúten,0.1,KG,2.49,24.90,€
4703,7227592,mercearia,Cereais Crunchy Kids Espelta com Cacau,0.125,KG,2.99,23.92,€
4704,5516263,mercearia,Farinha de Amêndoa,0.2,KG,7.49,37.45,€
4705,7548934,mercearia,Cápsulas de Café Buondi Int 10,48.0,UN,15.99,0.33,€
4706,7648309,mercearia,Preparado para Panquecas,0.4,KG,2.19,5.48,€
4707,5615873,mercearia,Folhas Algas Sushi Nori,0.011,KG,3.29,299.09,€
4708,2005662,mercearia,"Snack de Chocolate de Leite com Nougat, Mel e Amêndoa",0.2,KG,4.99,24.95,€
4709,2290245,mercearia,Mistura de Condimentos para Guacamole sem Glúten,0.02,KG,1.39,69.50,€
4710,2581027,mercearia,Chupa de Morango,0.012,KG,0.45,37.50,€
4711,6934830,mercearia,Molho Vinagrete,10.0,LT,3.74,18.70,€
4712,7519498,mercearia,Molho Vinagrete Balsâmico com Maçã,0.245,LT,1.39,5.67,€
4713,6831380,mercearia,Farinha Tremoço sem Glúten,0.25,KG,2.82,11.28,€
4714,5147022,mercearia,Bombons de Chocolate Praliné,0.11,KG,4.59,41.73,€
4715,6395331,mercearia,Pasta Harissa,0.1,KG,3.14,31.40,€
4716,2830189,mercearia,Ovo de Chocolate Kinder Joy T1 Kinder Joy,0.02,KG,1.45,72.50,€
4717,4301894,mercearia,Pólen Milflores,0.105,KG,5.89,56.10,€
4718,2418276,mercearia,Pastilhas Elásticas Morango,0.0145,KG,0.99,70.71,€
4719,2003999,mercearia,Mousse de Chocolate Branco com Pepitas,0.133,KG,2.59,19.47,€
4720,5068756,mercearia,Pastilhas de Café Moído Torrado Descafeinado Int 9,16.0,UN,4.19,0.26,€
4721,2525618,mercearia,Corantes Alimentares sem Glúten,3.0,LT,2.69,149.44,€
4722,6908606,mercearia,Super Papas Aveia Chia e Amendoim sem Glúten,0.05,KG,1.49,29.80,€
4723,7285962,mercearia,Farinha de Mandioca Sagu sem Glúten,0.5,KG,4.67,9.34,€
4724,7536684,mercearia,Gomas Natural Fruitbites sem Glúten,0.18,KG,3.39,18.83,€
4725,5162428,mercearia,Frutose,0.25,KG,1.49,5.96,€
4726,2004704,mercearia,Café Solúvel Clássico,10.0,KG,1.54,77.00,€
4727,5054984,mercearia,Snack de Chocolate com Amendoim e Caramelo,2.0,KG,1.7,21.25 ,€
4728,4273570,mercearia,Infusão Nº13 Diabet Control Saquetas,10.0,UN,0.99,0.10,€
4729,7439768,mercearia,Bebida de Chocolate Solúvel Signature Caramelo Salgado sem Glúten,10.0,KG,5.19,23.59,€
4730,2627799,mercearia,Snack de Chocolate de Leite,0.05,KG,1.19,23.80,€
4731,5562589,mercearia,Bolachas Wafers Limão,0.25,KG,3.39,13.56,€
4732,5356501,mercearia,Pastilhas de Café Moído Torrado Lote Clássico Int 10,16.0,UN,4.49,0.28,€
4733,2525686,mercearia,Rolinhos de Cacau Magro,0.065,KG,1.79,27.54,€
4734,6917113,mercearia,Brownie de Chocolate 5 un,0.12,KG,3.39,28.25,€
4735,4382238,mercearia,Caramelos de Fruta,0.045,KG,1.2,26.67,€
4736,7702582,mercearia,Cereais de Arroz e Trigo Integral + Linha,1.0,KG,4.99,4.99,€
4737,7632131,mercearia,Molho de Peixe,0.15,LT,3.49,23.27,€
4738,5907972,mercearia,Preparado para Compotas Pectina,0.025,KG,2.14,85.60,€
4739,2003811,mercearia,Gordura Vegetal de Palma,0.4,KG,3.44,9.56,€
4740,7696340,mercearia,Foie Gras de Pato,0.13,KG,11.99,92.23,€
4741,7703619,mercearia,Bolachas Pick Up Recheio Original,0.112,KG,2.39,21.34,€
4742,7174209,mercearia,Leite em Pó Confort para Lactentes 1 até 6M sem Glúten,0.4,KG,11.45,28.63,€
4743,7227857,mercearia,Mistura para Muffins Mix Pepitas de Chocolate e Banana sem Glúten,0.35,KG,4.28,12.23,€
4744,4816968,mercearia,Chá Bolbo Folhas,0.05,KG,2.64,52.80,€
4745,5762193,mercearia,Snack de Chocolate de Leite Kit Kat,0.0415,KG,1.1,26.83,€
4746,5524985,mercearia,Muesli Chocolate e Avelã Extra,0.375,KG,4.39,11.71,€
4747,2390843,mercearia,Preparado para Bolo de Chocolate,0.45,KG,3.89,8.64,€
4748,6373763,mercearia,Pudim Zero% Flan,0.014,KG,0.79,56.43,€
4749,5149759,mercearia,Tablete de Chocolate Negro Excellence 99% Cacau,0.05,KG,3.99,79.80,€
4750,7624291,mercearia,Bombons de Chocolate Origin,0.3,KG,11.55,38.50,€
4751,7466378,mercearia,Chá Clássico,0.1,KG,9.95,99.50,€
4752,7705858,mercearia,Chá Maçã e Canela,0.1,KG,9.95,99.50,€
4753,7466381,mercearia,Chá Ginger sem Glúten,0.1,KG,9.95,99.50,€
4754,5018191,mercearia,Chupa Flower Bouquet,0.228,KG,13.09,57.41,€
4755,5787032,mercearia,Drageias de Chocolate Crispy,0.17,KG,2.99,17.59,€
4756,4714164,mercearia,Snack de Chocolate Branco Kinder Bueno,0.039,KG,1.15,29.49,€
4757,6716052,mercearia,Café Moído Drip Coffee 100% Café Arábica,5.0,UN,3.49,3.49,€
4758,5456338,mercearia,Pasta de Açúcar Branco,0.25,KG,5.19,20.76,€
4759,7718393,mercearia,Milho Brasil Canjica-Cachupa,0.5,KG,1.8,3.60,€
4760,7405439,mercearia,Cápsulas de Café Aroma Intenso Int 10,10.0,UN,2.99,0.30,€
4761,7712091,mercearia,Pasta de Baunilha de Bourbon Tubo,0.05,KG,7.99,159.80,€
4763,5355410,mercearia,Lápis de Pasteleiro de Baunilha,0.025,KG,3.39,135.60,€
4764,2711441,mercearia,Mel Rosmaninho,0.5,KG,7.49,14.98,€
4765,7614358,mercearia,Café Solúvel Gold Roastery Light Roast Int 5,0.095,KG,5.89,62.00,€
4766,6395593,mercearia,Garam Masala em Lata,0.1,KG,3.68,36.80,€
4767,4626526,mercearia,Bombons de Chocolate Lindor Leite Coração,0.16,KG,8.99,56.19,€
4768,7614352,mercearia,Café Solúvel Gold Roastery Dark Int 8,0.095,KG,5.89,62.00,€
4769,4668630,mercearia,Esteira de Bambu,0.06,KG,2.99,49.83,€
4770,2703080,mercearia,Snack de Chocolate Happy Hippo,5.0,KG,2.49,24.17,€
4771,6188305,mercearia,Cremor Tártaro,0.05,KG,2.99,59.80,€
4772,4916138,mercearia,Gelificante Natural Agar-Agar,0.008,KG,4.19,523.75,€
4773,7634780,mercearia,Aveia Instantânea Chocolate com Proteína,0.3,KG,4.39,14.63,€
4774,7532730,mercearia,Mix Salicórnia para Peixe,0.05,KG,5.49,109.80,€
4775,6426429,mercearia,Óleo de Coco,0.5,LT,4.99,9.98,€
4776,6881342,mercearia,Bolachas Julietas com Passas e Arandos,0.2,KG,4.99,24.95,€
4777,5965556,mercearia,Farinha para Pão Preto sem Glúten,0.5,KG,4.55,9.10,€
4778,6420956,mercearia,Broinhas de Ovos Moles com Noz,0.25,KG,4.49,17.96,€
4779,7612819,mercearia,Snack Grilos Salgadinhos,0.012,KG,4.49,374.17,€
4780,7612820,mercearia,Snack Grilos Tomilho e Pimenta,0.012,KG,4.49,374.17,€
4781,7443388,mercearia,Snack Tenebrio Molitor Desidratado com Sal Marinho,0.015,KG,4.49,299.33,€
4782,7612821,mercearia,Snack Grilos Tomate e Oregãos,0.012,KG,4.49,374.17,€
4783,7443389,mercearia,Snack Tenebrio Molitor Desidratado com Sabor a Pimenta,0.015,KG,4.49,299.33,€
4784,7086953,mercearia,Mix 3 Farinhas sem Glúten,0.5,KG,4.42,8.84,€
4785,6420973,mercearia,Broinhas com Ovos Moles,0.25,KG,4.39,17.56,€
4786,4968716,mercearia,Especiarias para Grelhados em Moinho,0.032,KG,2.89,90.31,€
4787,7141380,mercearia,Moinho Pimentas do Chefe em Frasco,0.034,KG,2.89,85.00,€
4788,4236155,mercearia,Tablete de Chocolate Negro Premium 70% Cacau,0.25,KG,4.29,17.16,€
4789,3809478,mercearia,Amêndoa Triturada,0.125,KG,4.49,35.92,€
4790,5274981,mercearia,Decoração Corações de Açúcar,0.002,KG,4.19,2.095.00,€
4791,7063465,mercearia,Decoração Unicórnios,0.007,KG,4.19,598.57,€
4792,7062755,mercearia,Decoração Smiley Açúcar,0.014,KG,4.19,299.29,€
4793,7130286,mercearia,Massa Rolitos de Aveia sem Glúten,0.25,KG,4.13,16.52,€
4794,7412226,mercearia,Ketchup Pure 100% sem Glúten,0.468,KG,3.44,7.35,€
4795,7625316,mercearia,Cereais All Bran Golden Crunch,0.39,KG,3.99,10.23,€
4796,7463457,mercearia,Sortido Otogonal de Aperitivos,0.25,KG,3.99,15.96,€
4797,4988569,mercearia,Farinha para Creme Custard Baunilha,0.5,KG,3.99,7.98,€
4798,7748032,mercearia,Preparado para Bolo Muffins com Pepitas,0.31,KG,3.99,12.87,€
4799,7740997,mercearia,Pescada ao Natural,0.12,KG,3.99,46.94,€
4800,7708640,mercearia,Granola Chocolate e Coco,0.4,KG,4.29,10.73,€
4801,7004272,mercearia,Risotto Mediterrâneo Pronto a Comer sem Sal Adicionado,0.28,KG,3.89,13.89,€
4802,5050061,mercearia,Preparado para Bolo de Laranja,0.45,KG,3.89,8.64,€
4803,2598614,mercearia,Preparado para Bolo Mármore,0.45,KG,3.89,8.64,€
4804,2390854,mercearia,Pão de Ló,0.435,KG,3.89,8.94,€
4805,3599628,mercearia,Adoçante em Pó,0.09,KG,3.14,34.89,€
4806,7455193,mercearia,Salada de Grão de Bico com Polvo sem Glúten,0.42,KG,4.79,11.40,€
4807,7077647,mercearia,Cápsulas de Decaffeinato Int 5,16.0,UN,4.29,0.27,€
4808,2308516,mercearia,Cereais Special K,0.75,KG,4.59,6.12,€
4809,5988758,mercearia,Pétalas de Rosa para Gin,0.005,KG,3.8,760.00,€
4810,7194655,mercearia,Leite de Coco,0.33,LT,3.79,11.48,€
4811,7004277,mercearia,Risotto de Cogumelos sem Sal Adicionado,0.28,KG,3.66,13.07,€
4812,7400045,mercearia,Maionese Yofresh,0.433,KG,3.09,7.14,€
4813,2061068,mercearia,Mousse de Chocolate,2.0,KG,2.79,9.30,€
4814,7578194,mercearia,Tablete Chocolate Leite de Aveia,0.09,KG,3.49,38.78,€
4815,6043433,mercearia,Barquitas Mexicanas de Trigo,0.193,KG,3.45,17.88,€
4816,6917116,mercearia,Brownie de Caramelo Salgado,0.12,KG,3.39,28.25,€
4817,6936338,mercearia,Lápis de Pasteleiro de Morango,0.025,KG,3.39,135.60,€
4818,6936240,mercearia,Lápis de Pasteleiro de Chocolate,0.023,KG,3.39,147.39,€
4819,4377864,mercearia,Confetis Corações,0.055,KG,3.39,61.64,€
4820,6617967,mercearia,Preparado para Bolo de Fubá,0.055,KG,3.29,5.98,€
4821,7709317,mercearia,Adoçante Stevia Líquido,0.5,LT,2.69,53.80,€
4822,6818157,mercearia,Atum Posta em Óleo de Girassol,0.385,KG,3.29,13.16,€
4823,7455196,mercearia,Favinhas com Linguiça,0.42,KG,3.89,9.26,€
4824,7553672,mercearia,Salsichas Perú e Ervas Armáticas Frasco 4 un,0.43,KG,3.19,15.19,€
4825,7731042,mercearia,Creme para Barrar Cookies & Cream,0.18,KG,3.19,17.72,€
4826,7530750,mercearia,Doce de Morango e Malagueta,0.18,KG,3.14,17.44,€
4827,5982519,mercearia,Coentros Grão para Gin,0.02,KG,3.1,155.00,€
4828,7712088,mercearia,Açúcar Baunilhado Frasco,0.19,KG,3.1,16.32,€
4829,7410758,mercearia,Molho Piri-piri Sacana Cannabis,0.075,LT,3.09,41.20,€
4830,7707071,mercearia,Chili com Carne,0.42,KG,3.89,9.26,€
4831,2144177,mercearia,Cereais Special K,0.375,KG,2.74,7.31,€
4832,4637828,mercearia,Bolachas Integrais de Batata-doce e Goji,0.2,KG,3.69,18.45,€
4833,7460258,mercearia,Doce de Morango com Hortelã,0.28,KG,2.99,10.68,€
4834,7460260,mercearia,Doce de Figo com Noz,0.28,KG,2.99,10.68,€
4835,7535228,mercearia,Atum Posta em Óleo,0.385,KG,3.05,12.20,€
4836,7387615,mercearia,Bolachas Digestivas com Chocolate,0.3,KG,2.99,9.97,€
4837,6410376,mercearia,Pauzinhos de Bambu,8.0,KG,2.79,39.86,€
4839,7471012,mercearia,Bolachas Marinhas Chia,0.2,KG,2.89,14.45,€
4840,7095586,mercearia,Bolachas Crackers com Chia Natural Balance,0.15,KG,2.99,19.93,€
4841,5388954,mercearia,Caldo de Galinha Cubos,16.0,KG,2.47,15.44,€
4842,5895678,mercearia,Feijão Preto,0.5,KG,2.69,5.38,€
4843,6414838,mercearia,Ervilha Metades,0.9,KG,2.63,2.92,€
4844,6208457,mercearia,Puré de Maçã e Ananás,4.0,KG,2.59,6.48,€
4845,7473523,mercearia,Creme Vinagre Balsâmico com Soja,0.25,LT,3.99,15.96,€
4846,5646731,mercearia,Sal Marinho Especial para Grelhados,0.75,KG,2.54,3.39,€
4847,5044459,mercearia,Pearl Couscous,0.2,KG,1.87,9.35,€
4848,7268800,mercearia,Tablete Chocolate Negro,0.1,KG,1.59,15.90,€
4849,5358310,mercearia,Caldo de Carne Cubos sem Glúten,16.0,KG,3.29,20.56,€
4850,7155882,mercearia,Ervilhas sem Glúten,0.38,KG,3.69,14.19,€
4851,6931551,mercearia,Brownie de Chocolate Vitalday,0.2025,KG,3.29,16.29,€
4852,6937508,mercearia,Molho Piri-piri Extra Audaz,0.05,LT,2.09,41.80,€
4853,7538626,mercearia,Gomas Party Mix,0.15,KG,2.39,15.93,€
4854,5694911,mercearia,Pastilhas Elásticas Menta,0.025,KG,2.39,95.60,€
4855,7285407,mercearia,Filete de Atum em Azeite Biológico,0.12,KG,2.3,29.49,€
4856,5727482,mercearia,Flor de Sal,0.2,KG,2.29,11.45,€
4857,2005402,mercearia,Chá de Plantas Nº7 Privenlaxssil Saquetas,0.1,KG,2.49,24.90,€
4858,7144647,mercearia,Barra de Noz e Chocolate Negro sem Glúten,0.05,KG,2.49,49.80,€
4859,2605491,mercearia,Biscoitos de Sésamo e Avelã,0.25,KG,3.45,13.80,€
4860,5498074,mercearia,Gelatina em Pó de Ananás Gelly Já,0.18,KG,1.95,10.83,€
4861,5011770,mercearia,Drageias de Morango,0.07,KG,4.0,57.14,€
4862,7654279,mercearia,Patê com Chouriço Bísaro,0.09,KG,2.19,24.33,€
4863,7506745,mercearia,Sopa de Massa e Lentilhas,0.155,KG,2.19,14.13,€
4864,7705523,mercearia,Bolachas Crackers,0.3,KG,2.99,9.97,€
4865,7654286,mercearia,Patê de Alheira Transmontana,0.09,KG,2.19,24.33,€
4866,4917055,mercearia,Snack Tortilhas Nachos Queijo,0.2,KG,2.79,13.95,€
4867,7600224,mercearia,Mousse Cappuccino,0.1,KG,2.59,25.90,€
4868,2167531,mercearia,Pastilhas Elásticas de Spearmint,4.0,KG,2.1,37.50,€
4869,2037302,mercearia,Pastilhas Elásticas de Menta,4.0,KG,2.1,37.50,€
4870,7705510,mercearia,Galetes de Milho Mini,0.12,KG,2.39,19.92,€
4871,7003015,mercearia,Tablete de Chocolate Negro 72% Cacau,0.1,KG,2.99,29.90,€
4872,7637088,mercearia,Chocolate,0.056,KG,1.99,35.54,€
4873,4307720,mercearia,Rebuçados Peitorais,0.2,KG,1.99,9.95,€
4874,7708103,mercearia,Bolachas Flatbreads Alecrim e Sal sem Glúten,0.15,KG,1.92,12.80,€
4875,5388742,mercearia,"Chá Verde, Framboesa e Romã Pyramid Saquetas",20.0,UN,1.64,0.08,€
4876,7171678,mercearia,Rebuçados Energy Ice Tea,4.0,KG,2.99,23.36,€
4877,2610448,mercearia,Vinagre de Sidra Gourmet,0.25,LT,1.52,6.08,€
4878,5895777,mercearia,Tiras de Milho Chilli,0.075,KG,1.85,24.67,€
4879,4817421,mercearia,Chá Pau D'Arco Casca,0.1,KG,1.99,19.90,€
4880,6936235,mercearia,Decoração Açúcar Rosa sem Glúten,0.082,KG,1.79,21.83,€
4881,4817247,mercearia,Chá Erva S. Roberto Planta,0.05,KG,1.79,35.80,€
4882,7506397,mercearia,Rolinhos Brancos e Negros,0.035,KG,1.79,5.11,€
4883,7096375,mercearia,Tomate em Pedaços com Pimentos,0.39,KG,1.79,4.59,€
4884,6615992,mercearia,Molho para Saladas César,0.21,LT,1.68,8.00,€
4885,7100537,mercearia,Flocos de Aveia Instantâneos sem Glúten,0.4,KG,1.39,3.47,€
4886,4613225,mercearia,Infusão Regulax Saquetas,10.0,UN,1.99,0.20,€
4887,6937507,mercearia,Molho Piri-piri Azeite Audaz,0.05,LT,1.74,34.80,€
4888,4963601,mercearia,Miolo de Amêndoa Palitos,0.1,KG,1.69,16.90,€
4889,7285272,mercearia,Sardinha Inteira em Azeite Biológico,0.12,KG,1.69,19.88,€
4890,7068275,mercearia,Aroma de Limão Líquido,0.025,LT,1.64,65.60,€
4891,2964824,mercearia,Farinha de Trigo Integral,0.5,KG,1.65,3.30,€
4892,7637325,mercearia,Tablete de Chocolate de Leite com Caramelo e Avelã Extrafino,0.087,KG,1.59,18.28,€
4893,3799911,mercearia,Drageias Lápis,0.02,KG,1.26,63.00,€
4894,7430537,mercearia,Filete de Cavala em Óleo,0.155,KG,1.54,18.12,€
4895,2498310,mercearia,Arroz Doce,0.125,KG,1.69,13.52,€
4896,5687478,mercearia,Bolachas Wafers de Caramelo Cubos,0.125,KG,1.69,13.52,€
4897,7443345,mercearia,Tortitas de Milho com Sal,0.096,KG,1.59,16.56,€
4898,7613824,mercearia,Bombons de Coco com recheio de Coco e Amêndoa,0.033,KG,1.39,42.12,€
4899,7476546,mercearia,Snack de Sementes e Piri-piri,0.025,KG,1.35,54.00,€
4900,6888045,mercearia,Lentilha Vermelha,0.35,KG,1.29,3.69,€
4901,4318085,mercearia,Gelatina Pronta Ananás Gelli Sweet,0.4,KG,1.28,3.20,€
4902,4318051,mercearia,Gelatina Pronta Morango Gelli Sweet,0.4,KG,1.28,3.20,€
4903,5902789,mercearia,Gelatina em Pó Zero% de Pera,0.028,KG,1.04,37.14,€
4904,2952594,mercearia,Croissant com Recheio de Chocolate,0.08,KG,1.52,19.00,€
4905,2474440,mercearia,Infusão Chá Verde Nº25 Saquetas,10.0,UN,1.6,0.16,€
4906,5011449,mercearia,Chupa Chupa Melody sem Glúten,0.015,KG,1.19,79.33,€
4907,7519503,mercearia,Chocolate Negro 60% Cacau Stick,0.037,KG,1.49,40.27,€
4908,2242736,mercearia,Snack de Chocolate com Coco,0.057,KG,1.15,20.18,€
4909,2274408,mercearia,Snack de Chocolate com Biscoito e Caramelo,0.05,KG,1.15,23.00,€
4910,5049851,mercearia,Gelatina em Pó Light de Mirtilo,2.0,KG,2.09,69.67,€
4911,7072635,mercearia,Refeição para Bebé Vitela com Legumes +4M,0.12,KG,1.25,10.42,€
4912,4877432,mercearia,Infusão Nº7 Privenlaxssil Saquetas,10.0,UN,1.29,0.13,€
4913,5824253,mercearia,Snack de Chocolate de Leite Kit Kat Chunky,0.04,KG,1.1,27.50,€
4914,4407577,mercearia,Snack de Chocolate de Leite Lion,0.042,KG,1.1,26.19,€
4915,5839494,mercearia,Snack de Chocolate Branco Kit Kat,0.0415,KG,1.1,26.19,€
4916,5108129,mercearia,Snack de Chocolate de Leite e Manteiga de Amendoim Kit Kat Chunky,0.042,KG,1.1,26.19,€
4917,2005429,mercearia,Infusão Nº9 Emagressil Saquetas,10.0,UN,1.29,0.13,€
4918,2005412,mercearia,Infusão Nº3 Estômassil Saquetas,10.0,UN,1.29,0.13,€
4919,4111711,mercearia,Snack de Chocolate com Amendoim e Caramelo,0.05,KG,1.15,23.00,€
4920,7072643,mercearia,Refeição para Bebé Frango com Legumes +4M,0.12,KG,1.25,10.42,€
4921,4321679,mercearia,Gelatina Pronta Vegetal Ananás,0.13,KG,1.08,8.31,€
4922,2925057,mercearia,Pastilhas Elásticas de Peppermint,1.0,KG,0.99,61.88,€
4923,5476752,mercearia,Drageias Crazy Sours,0.038,KG,0.99,26.05,€
4924,6338974,mercearia,Snack de Chocolate Kinder Maxi,0.042,KG,0.99,23.57,€
4925,6271531,mercearia,Pastilhas Elásticas Max Slab Spearmint,0.023,KG,0.99,43.04,€
4926,7120342,mercearia,Tablete de Chocolate 70% Cacau sem Glúten,0.025,KG,0.99,39.60,€
4927,4274558,mercearia,Chá Infusão Nº 10 Colesterolcontrol Saquetas,10.0,KG,0.99,16.50,€
4928,2218320,mercearia,Infusão Nº18 Erva São Roberto Saquetas,10.0,UN,0.99,0.10,€
4929,7388644,mercearia,Espirais Integrais de Alfarroba,0.5,KG,0.91,1.82,€
4930,2299735,mercearia,Drageias de Frutos Silvestres com Lima,0.04,KG,0.9,23.68,€
4931,2286721,mercearia,Tablete de Chocolate de Leite Crunch Mini,0.04,KG,1.1,27.50,€
4932,5871565,mercearia,Gelatina Pronta Vegetal Frutos Silvestres,0.13,KG,1.16,8.92,€
4933,7450708,mercearia,Snack de Chocolate de Leite e Arroz Tufado,0.031,KG,0.66,21.29,€
4934,7450626,mercearia,Snack de Chocolate de Leite e Amendoim,0.034,KG,0.66,19.41,€
4935,7228928,mercearia,Infusão Happydren Saquetas,10.0,UN,1.59,0.16,€
4936,4273599,mercearia,"Infusão Cabelo, Pele e Unhas Saquetas",10.0,UN,0.89,0.09,€
4937,7705505,mercearia,Galete de Arroz Mini,0.04,KG,0.89,22.25,€
4938,4017756,mercearia,Snack de Chocolate de Leite Maxi,0.021,KG,0.59,28.10,€
4939,7089060,mercearia,"Tablete de Chocolate de Leite com Muesli, Amêndoas e Caramelo Salgado Les Recettes de L'Atelier",0.17,KG,3.99,23.47,€
4940,7739594,mercearia,Bolachas com Recheio Hookies sem Glúten,0.23,KG,1.82,7.91,€
4941,7739590,mercearia,Bolachas Mini Cereais Hookies,0.25,KG,1.69,6.76,€
4942,7736100,mercearia,Bolachas Cobertas com Chocolate Branco,0.041,KG,0.99,24.15,€
4943,6188171,mercearia,Pudim Zero% de Mirtilo,0.022,KG,0.44,20.00,€
4944,6403772,mercearia,Molho Chutney de Manga em Vidro,0.227,KG,4.99,21.98,€
4945,7443384,mercearia,Gelatina Pronta Tutti Frutti Gelli Sweet,0.4,KG,1.28,3.20,€
4946,5011590,mercearia,Chupas Mini Megas 10 Unidades,0.12,KG,11.99,99.92,€
4947,7336281,mercearia,Poke Springle Saladas,0.035,KG,4.5,128.57,€
4948,6617952,mercearia,Preparado para Bolo de Coco,0.435,KG,3.29,7.56,€
4949,7735034,mercearia,Tablete de Chocolate Extrafino Xtreme e Cookies,0.24,KG,3.99,16.63,€
4950,7721577,mercearia,Gomas Vitamina D3,60.0,KG,9.99,56.12,€
4951,7721588,mercearia,Magnésio Comprimidos,100.0,KG,15.99,134.37,€
4952,2218234,mercearia,Infusão Nº12 Próstassil Saquetas,10.0,UN,1.29,0.13,€
4953,7721572,mercearia,Gomas Vitamina C,60.0,KG,9.99,41.97,€
4954,7721568,mercearia,Gomas para a Pele com Ácido Hialurónico,60.0,KG,10.79,51.88,€
4955,7739592,mercearia,Bolachas Mini Finas Cereais e Chocolate de Leite Hookies,0.16,KG,1.94,12.12,€
4956,4878235,mercearia,Infusão Tensão Ótima Saquetas,10.0,UN,1.29,0.13,€
4957,7624286,mercearia,Snacks de Chocolate de Leite Happy Moments,0.184,KG,5.49,29.84,€
4958,4653796,mercearia,Bombons de Chocolate Menta,0.2,KG,1.59,7.95,€
4959,6911451,mercearia,Snacks Tortilha Bowls Sea Salt,0.15,KG,2.99,19.93,€
4960,4933391,mercearia,Cereais Cookie'z Chocolate,0.3,KG,2.65,8.83,€
4961,7632799,mercearia,Cabaz nº 17,1.0,KG,134.99,134.99,€
4962,7009068,mercearia,Tablete de Chocolate 99% Cacau,0.1,KG,2.89,28.90,€
4963,7589023,mercearia,Cabaz nº 13,1.0,KG,47.99,47.99,€
4964,7589022,mercearia,Cabaz nº 7,1.0,KG,31.99,31.99,€
4965,7589024,mercearia,Cabaz nº 15,1.0,KG,63.99,63.99,€
4966,7648303,mercearia,Mousse de Chocolate Negro,0.145,KG,1.59,10.97,€
4967,7690852,mercearia,Feijão Frade,1.0,KG,1.86,1.86,€
4968,7550539,mercearia,Cereais Extra Chocolate de Leite,0.375,KG,4.39,11.71,€
4969,5688573,mercearia,Delícia de Chocolate com Amêndoa,0.36,KG,4.97,13.81,€
4970,6180148,mercearia,Massa Cotovelinhos,1.0,KG,2.06,2.06,€
4971,7443767,mercearia,Bombons de Chocolate de Leite Nuxor,0.165,KG,6.74,40.85,€
4972,4963985,mercearia,Leite em Pó Júnior 4 +12M sem Glúten,0.75,KG,27.78,12.35,€
4973,7632785,mercearia,Cabaz nº 1,1.0,KG,15.0,15.00,€
4974,2898875,mercearia,Drageias de Frutos Silvestres,0.008,KG,1.55,193.75,€
4975,7195545,mercearia,Bolachas Roscas de Chocolate e Amêndoa,0.3,KG,1.89,6.30,€
4976,7362727,mercearia,Batata Frita Lisa Mediterrâneas,0.22,KG,3.29,14.95,€
4977,7004261,mercearia,Lentilhas Beluga com Painço e Shitake sem Sal Adicionado,0.21,KG,4.29,20.43,€
4978,7748029,mercearia,Preparado para Brownie,0.366,KG,3.99,10.90,€
4979,3012441,mercearia,Chá Verde Saquetas,10.0,UN,1.29,0.13,€
4980,7640422,mercearia,Granola Proteica Chocolate,0.275,KG,3.79,13.78,€
4981,7068131,mercearia,Placa Felicidades,1.0,KG,1.99,1.99,€
4982,4963602,mercearia,Miolo de Amêndoa Granulado,0.1,KG,1.69,16.90,€
4983,6615687,mercearia,Tempura,0.15,KG,3.19,21.27,€
4984,2491700,mercearia,Preparado para Bolo de Amêndoa,0.45,KG,4.97,11.04,€
4985,5688577,mercearia,Preparado para Leite de Creme,0.092,KG,1.37,14.89,€
4986,7532731,mercearia,Mix Salicórnia para Carne,0.05,KG,5.49,109.80,€
4987,2004047,mercearia,Preparado para Pudim Caseiro de Ovos,0.22,KG,2.89,13.14,€
4988,7386552,mercearia,Tablete Chocolate com Avelãs,0.2,KG,3.99,19.95,€
4989,7639510,mercearia,Vinagre Balsâmico de Sidra,0.25,LT,1.59,6.36,€
4990,7740991,mercearia,Cabaz nº6,1.0,KG,23.99,23.99,€
4991,7740992,mercearia,Cabaz nº8,1.0,KG,31.99,31.99,€
4992,6367767,padaria-e-pastelaria,Pão de Leite,0.35,KG,2.44,6.97,€
4993,6246547,padaria-e-pastelaria,Pão de Forma sem Côdea,0.65,KG,1.78,2.74,€
4994,7279166,padaria-e-pastelaria,Croissant Brioche,6.0,KG,3.45,6.76,€
4995,7371764,padaria-e-pastelaria,Pão Bola de Lenha,2.0,KG,0.46,4.60,€
4996,5571005,padaria-e-pastelaria,Pão de Forma com Côdea,0.7,KG,1.63,2.33,€
4997,2960790,padaria-e-pastelaria,Pão de Centeio Serra da Estrela Fatiado,0.45,KG,1.68,3.73,€
4998,7479987,padaria-e-pastelaria,Bagels Clássico,4.0,KG,2.19,7.30,€
4999,7371623,padaria-e-pastelaria,Bola de Centeio,4.0,KG,0.36,4.50,€
5000,7394615,padaria-e-pastelaria,O Nosso Croissant,1.0,KG,1.19,9.92,€
5001,6036897,padaria-e-pastelaria,Lagartos,0.75,KG,2.79,3.72,€
5002,7279167,padaria-e-pastelaria,Croissant Folhado Pack Poupança,5.0,KG,2.45,5.44,€
5003,7371780,padaria-e-pastelaria,Pão Milho Girassol,0.31,KG,2.25,7.50,€
5004,6913160,padaria-e-pastelaria,Pão de Rio Maior,0.45,KG,1.11,2.47,€
5005,7712479,padaria-e-pastelaria,Pão de Forma 12 Cereais e Sementes,0.6,KG,1.41,2.35,€
5006,7548675,padaria-e-pastelaria,Palmiers,0.72,KG,3.39,4.71,€
5007,7371625,padaria-e-pastelaria,Cacetinho,4.0,KG,0.19,2.38,€
5008,5016591,padaria-e-pastelaria,Pão de Leite Brioche,0.35,KG,2.99,8.54,€
5009,7423170,padaria-e-pastelaria,Tostas de Pão Alentejano,0.1,KG,1.78,17.80,€
5010,6217948,padaria-e-pastelaria,Gressinos Naturais,5.0,KG,1.5,6.00,€
5011,5547623,padaria-e-pastelaria,Pão de Forma 9 Cereais sem Côdea,0.48,KG,2.53,5.27,€
5012,2595860,padaria-e-pastelaria,Mini Tostas de Trigo,0.35,KG,1.87,5.34,€
5013,7708507,padaria-e-pastelaria,Pão de Forma com Côdea,0.475,KG,0.98,2.06,€
5014,4652285,padaria-e-pastelaria,Biscoitos de Canela,0.75,KG,3.49,4.65,€
5015,5659184,padaria-e-pastelaria,Línguas de Veado,0.6,KG,3.46,5.77,€
5016,6866765,padaria-e-pastelaria,Pão de Forma 10 Cereais sem Côdea,0.65,KG,2.01,3.09,€
5017,4297266,padaria-e-pastelaria,Massa Quebrada,0.23,KG,0.99,4.30,€
5018,7649357,padaria-e-pastelaria,Pão Padeira,0.4,KG,0.65,1.63,€
5019,5619216,padaria-e-pastelaria,Mini Fofos,0.3,KG,1.09,3.63,€
5020,7479990,padaria-e-pastelaria,Bagels Com Sementes,4.0,KG,2.19,7.30,€
5021,2627284,padaria-e-pastelaria,Pão de Forma sem Côdea,0.45,KG,2.25,5.00,€
5022,3610559,padaria-e-pastelaria,Pão de Trigo da Serra da Estrela Fatiado,0.45,KG,1.68,3.73,€
5023,6142749,padaria-e-pastelaria,Pão Vianinha,4.0,KG,0.33,4.13,€
5024,2200050,padaria-e-pastelaria,Mini Gressinos,0.3,KG,1.89,6.30,€
5025,6578922,padaria-e-pastelaria,Pão de Forma com Côdea  Especial Torradas,0.75,KG,2.34,3.12,€
5026,5506160,padaria-e-pastelaria,Pão de Água,0.36,UN,2.81,0.51,€
5027,3688028,padaria-e-pastelaria,Pão Integral Serra da Estrela Fatiado,0.45,KG,2.05,4.56,€
5028,7371799,padaria-e-pastelaria,Chapata de Cereais,2.0,KG,0.46,5.75,€
5029,7108149,padaria-e-pastelaria,Pão de Leite,0.28,KG,1.89,6.75,€
5030,4972898,padaria-e-pastelaria,Tostas Extra Finas,5.0,KG,1.19,11.90,€
5031,5777970,padaria-e-pastelaria,Croissant Brioche,8.0,KG,3.19,9.97,€
5032,5078545,padaria-e-pastelaria,Tostas Integrais,5.0,KG,2.24,2.99,€
5033,5196284,padaria-e-pastelaria,Bola de Mistura,4.0,KG,0.17,2.13,€
5034,4660709,padaria-e-pastelaria,Biscoitos de Cacau,0.75,KG,2.99,3.99,€
5035,5845129,padaria-e-pastelaria,Pão de Forma Artesano,0.55,KG,1.59,2.89,€
5036,5726428,padaria-e-pastelaria,Pão Rústico Massa Mãe,0.45,KG,2.34,5.85,€
5037,7468920,padaria-e-pastelaria,Pão de Forma Rio Maior,0.5,KG,1.4,3.11,€
5038,5683899,padaria-e-pastelaria,Massa de Pizza Fresca Retangular XXL,0.55,KG,2.59,4.71,€
5039,7445475,padaria-e-pastelaria,Pão Brioche Fatiado de Massa Mãe,0.45,KG,3.99,8.87,€
5040,7708505,padaria-e-pastelaria,Pão de Forma sem Côdea,0.45,KG,1.3,2.89,€
5041,7371774,padaria-e-pastelaria,Carcaça Portuguesa,4.0,KG,0.19,2.71,€
5042,5184892,padaria-e-pastelaria,Massa Folhada Retangular,0.375,KG,1.35,3.60,€
5043,7677024,padaria-e-pastelaria,Línguas de Veado,0.25,KG,1.9,7.60,€
5044,6881740,padaria-e-pastelaria,Bolinhos,8.0,KG,2.79,8.72,€
5045,4297264,padaria-e-pastelaria,Massa Folhada,0.23,KG,0.99,4.30,€
5046,7371651,padaria-e-pastelaria,Cacetinho Integral,4.0,KG,0.19,2.38,€
5048,2060250,padaria-e-pastelaria,Pão de Hot Dog,0.33,KG,1.26,3.82,€
5049,7745715,padaria-e-pastelaria,Pão 12 Cereais e Sementes,0.59,KG,2.53,4.29,€
5050,2060251,padaria-e-pastelaria,Pão de Hambúrguer,0.22,KG,1.21,5.50,€
5051,7539987,padaria-e-pastelaria,Pão de Leite,0.35,KG,1.44,4.11,€
5052,4644452,padaria-e-pastelaria,Mini Picos com Azeite,0.3,KG,2.11,7.03,€
5053,4411982,padaria-e-pastelaria,"Croutons com Azeite, Alho e Salsa",0.075,KG,0.74,9.87,€
5054,6246546,padaria-e-pastelaria,Pão de Forma sem Côdea Especial Torradas,0.65,KG,1.87,2.88,€
5055,5467123,padaria-e-pastelaria,Folhado de Maçã,2.0,KG,0.89,8.90,€
5056,5181117,padaria-e-pastelaria,Tortilhas de Trigo,0.35,KG,3.49,9.97,€
5057,2838708,padaria-e-pastelaria,Pão Roll's,0.25,KG,1.89,7.88,€
5058,7279168,padaria-e-pastelaria,Merenda Mista Pack Poupança,3.0,KG,2.07,4.42,€
5059,7423866,padaria-e-pastelaria,Tostas Rústicas Chapata,0.18,KG,2.63,14.61,€
5060,4935732,padaria-e-pastelaria,Tostas Suecas Integrais,0.225,KG,1.21,5.38,€
5061,4972912,padaria-e-pastelaria,Tostas Extra Finas Integrais,0.1,KG,1.19,11.90,€
5062,5131479,padaria-e-pastelaria,Salame de Chocolate,0.45,KG,2.59,5.76,€
5063,6578853,padaria-e-pastelaria,Pão de Forma com Côdea,0.75,KG,2.2,2.93,€
5064,7418398,padaria-e-pastelaria,Pão de Centeio Trás - os - Montes,0.6,KG,1.87,3.12,€
5065,7676105,padaria-e-pastelaria,Palmiers,0.25,KG,2.35,9.40,€
5066,7553352,padaria-e-pastelaria,Pão de Leite com Pepitas de Chocolate,6.0,KG,2.95,14.05,€
5067,7708506,padaria-e-pastelaria,Pão de Forma com Côdea Integral,0.475,KG,1.16,2.44,€
5068,6188309,padaria-e-pastelaria,Wrap de Espelta e Aveia,0.37,KG,2.95,7.97,€
5069,6043520,padaria-e-pastelaria,Tortilhas Mexicanas de Trigo,0.244,KG,2.29,9.39,€
5070,2781700,padaria-e-pastelaria,Mini Tostas Integrais,0.18,KG,1.32,7.33,€
5071,5798916,padaria-e-pastelaria,Wrap Multicereais,0.37,KG,2.95,7.97,€
5072,6292992,padaria-e-pastelaria,Tostas Rústicas,0.24,KG,2.31,9.63,€
5073,7466348,padaria-e-pastelaria,Mini Croissants,0.27,KG,2.15,7.96,€
5074,6458580,padaria-e-pastelaria,Croissant Folhado com Creme de Ovo,2.0,KG,0.59,5.90,€
5075,5078541,padaria-e-pastelaria,Tostas de Trigo,0.75,KG,2.25,3.00,€
5076,4297267,padaria-e-pastelaria,Massa Fresca para Pizza,0.28,KG,0.99,3.54,€
5077,6578927,padaria-e-pastelaria,Pão de Forma 9 Cereais com Côdea,0.52,KG,2.34,4.50,€
5078,4769767,padaria-e-pastelaria,Palmiers com Massa Folhada,4.0,KG,1.19,7.44,€
5079,7745718,padaria-e-pastelaria,Pão Sementes de Girassol e Abóbora,0.59,KG,2.53,4.29,€
5080,5297155,padaria-e-pastelaria,Palmiers,0.15,KG,1.64,10.93,€
5081,6919358,padaria-e-pastelaria,Pão de Forma Especial Torradas,0.7,KG,1.87,2.67,€
5082,5235220,padaria-e-pastelaria,Pão de Leite com Pepitas Chocolate,0.28,KG,2.99,10.68,€
5083,2166914,padaria-e-pastelaria,Pão de Ló,0.5,KG,11.59,23.18,€
5084,7371806,padaria-e-pastelaria,Pão Alentejano,0.43,KG,1.17,2.93,€
5085,5798927,padaria-e-pastelaria,Wrap Original,0.37,KG,2.95,7.97,€
5086,5296290,padaria-e-pastelaria,Pão Clássico sem Glúten,0.3,KG,3.46,11.53,€
5087,4257088,padaria-e-pastelaria,Tostas Suecas,0.225,KG,1.02,4.53,€
5088,5296274,padaria-e-pastelaria,Pão Clássico Cereais sem Glúten,0.3,KG,3.7,12.33,€
5089,7636590,padaria-e-pastelaria,Pão de Leite,2.0,KG,0.5,6.25,€
5090,5511023,padaria-e-pastelaria,Queijadas de Requeijão,4.0,KG,4.99,13.86,€
5091,2606193,padaria-e-pastelaria,Pão Maxi Hambúrguer,0.3,KG,1.59,5.30,€
5092,7371652,padaria-e-pastelaria,Pão Abóbora e Nozes,2.0,KG,0.46,4.60,€
5093,5659259,padaria-e-pastelaria,Supremas de Chocolate,0.25,KG,2.4,9.60,€
5094,7630216,padaria-e-pastelaria,Biscoitos de Limão,0.3,KG,2.89,9.63,€
5095,7712540,padaria-e-pastelaria,Pão de Forma de Centeio,0.6,KG,1.87,3.12,€
5096,6252532,padaria-e-pastelaria,Croissant Folhado,2.0,KG,0.49,6.53,€
5097,5201123,padaria-e-pastelaria,Queque,2.0,KG,0.69,13.80,€
5098,7371820,padaria-e-pastelaria,Pão com Passas,0.31,KG,2.25,7.50,€
5099,6292995,padaria-e-pastelaria,Tostas Rústicas Integrais,0.24,KG,2.3,9.58,€
5100,5659165,padaria-e-pastelaria,Broas da Avó,0.35,KG,3.19,9.11,€
5101,6996106,padaria-e-pastelaria,Pão de Forma Integral sem Côdea,0.45,KG,1.87,4.16,€
5102,5693833,padaria-e-pastelaria,Folhas Frescas para Lasanha,0.25,KG,1.12,4.48,€
5103,5911862,padaria-e-pastelaria,Tostas de Mistura sem Glúten,0.14,KG,3.52,25.14,€
5104,5776241,padaria-e-pastelaria,Dots de Açúcar,3.0,KG,0.45,9.18,€
5105,7636492,padaria-e-pastelaria,Bolo Inglês,0.5,KG,3.2,6.40,€
5106,5418197,padaria-e-pastelaria,Massa Fresca para Pizza,0.23,KG,2.39,10.39,€
5107,4411976,padaria-e-pastelaria,Croutons Trigo Tostado,0.15,KG,1.87,12.47,€
5108,5911793,padaria-e-pastelaria,Tostas Multicereais sem Glúten,0.14,KG,3.52,25.14,€
5109,6400004,padaria-e-pastelaria,Croissant de Sementes,2.0,KG,0.79,9.88,€
5110,6862256,padaria-e-pastelaria,Pão Bola de Beterraba,2.0,KG,0.46,5.11,€
5111,7648367,padaria-e-pastelaria,Baguete de Cereais,0.2,KG,0.83,4.15,€
5112,5605654,padaria-e-pastelaria,Pão de Forma Shape,0.4,KG,2.82,7.05,€
5113,7371842,padaria-e-pastelaria,Pão Azeitonas e Orégãos,0.3,KG,2.16,7.20,€
5114,6458581,padaria-e-pastelaria,Croissant Folhado com Creme de Chocolate,2.0,KG,0.59,5.90,€
5115,3061069,padaria-e-pastelaria,Pão de Forma com Côdea,0.5,KG,1.96,3.92,€
5116,6862351,padaria-e-pastelaria,Pão de Alfarroba,2.0,KG,0.33,3.67,€
5117,7745717,padaria-e-pastelaria,Pão de Sementes de Sésamo e Linhaça,0.59,KG,2.53,4.29,€
5118,6590457,padaria-e-pastelaria,Brioche de Leite,0.28,KG,3.0,10.71,€
5119,7630215,padaria-e-pastelaria,Broas de Noz,0.3,KG,2.89,9.63,€
5120,6917735,padaria-e-pastelaria,Tortilhas sem Glúten,0.216,KG,3.49,16.16,€
5121,7641645,padaria-e-pastelaria,Pastel de Nata,4.0,KG,0.39,6.50,€
5122,7083359,padaria-e-pastelaria,Dots Negrito,3.0,KG,0.45,7.50,€
5123,7651245,padaria-e-pastelaria,Bolachas Francesas de Morango,0.3,KG,3.39,11.30,€
5125,7630217,padaria-e-pastelaria,Biscoitos de Canela,0.3,KG,2.89,9.63,€
5126,5466111,padaria-e-pastelaria,Petit Four Coco,0.23,KG,2.5,10.87,€
5127,6637464,padaria-e-pastelaria,Pão de Forma com Côdea,0.375,KG,1.5,4.00,€
5128,5619951,padaria-e-pastelaria,Gofres,0.15,KG,1.69,11.27,€
5129,5566313,padaria-e-pastelaria,Gressinos com Azeite,2.0,KG,1.99,7.96,€
5130,5821112,padaria-e-pastelaria,Croutons Alho e Ervas,0.07,KG,1.79,25.57,€
5131,7684674,padaria-e-pastelaria,Esses,0.23,KG,1.2,5.22,€
5132,7411119,padaria-e-pastelaria,Pão com Chocolate Pack Poupança,3.0,KG,2.07,6.47,€
5133,6293022,padaria-e-pastelaria,Tostas Rústicas 9 Cereais,0.24,KG,2.31,9.63,€
5134,7248340,padaria-e-pastelaria,Pão Tostado,0.415,KG,3.1,7.47,€
5135,5728341,padaria-e-pastelaria,Pastel de Chaves IGP,2.0,KG,0.99,12.38,€
5136,7717962,padaria-e-pastelaria,Bagel de Sementes,2.0,KG,0.83,10.38,€
5137,7369882,padaria-e-pastelaria,Baguete,0.226,KG,0.46,2.30,€
5138,6881249,padaria-e-pastelaria,Croutons com Alho,2.0,KG,2.16,14.40,€
5139,4735933,padaria-e-pastelaria,Biscoitos de Azeitão,0.18,KG,3.1,17.22,€
5140,7614079,padaria-e-pastelaria,Bagels Brioche,4.0,KG,2.19,7.30,€
5141,7127055,padaria-e-pastelaria,Croutons com Tomate e Orégãos,0.075,KG,1.4,18.67,€
5142,7127057,padaria-e-pastelaria,Croutons com Queijo e Sésamo,0.075,KG,1.69,22.53,€
5143,7386954,padaria-e-pastelaria,Pão de Forma Artesano Brioche,0.55,KG,1.99,3.62,€
5144,7574923,padaria-e-pastelaria,Bolacha Húngara,0.25,KG,2.19,8.76,€
5145,5726448,padaria-e-pastelaria,Pão Rústico Cereais Massa Mãe,0.45,KG,2.34,5.85,€
5146,2074302,padaria-e-pastelaria,Mini Tostas de Trigo,0.35,KG,2.25,6.43,€
5147,5128356,padaria-e-pastelaria,Tostas Integrais,0.225,KG,0.93,4.13,€
5148,7646452,padaria-e-pastelaria,Mini Wafers de Baunilha,0.14,KG,2.09,14.93,€
5149,6255081,padaria-e-pastelaria,Pão de Aveia,0.35,KG,1.59,4.54,€
5150,7677020,padaria-e-pastelaria,Churritos com Recheio de Cacau,0.25,KG,2.0,8.00,€
5151,5005065,padaria-e-pastelaria,Croissant Brioche,2.0,KG,0.69,8.12,€
5152,5110781,padaria-e-pastelaria,Massa Folhada,0.23,KG,2.09,9.09,€
5153,5128353,padaria-e-pastelaria,Tostas de Trigo,0.225,KG,0.83,3.69,€
5154,7321416,padaria-e-pastelaria,Tarte de Noz Pecan,0.5,KG,10.29,20.58,€
5155,5137072,padaria-e-pastelaria,Biscoitos Areias,0.2,KG,3.09,15.45,€
5156,7156779,padaria-e-pastelaria,Mini Tortilhas de Trigo,0.22,KG,2.19,9.95,€
5157,7468977,padaria-e-pastelaria,Bola Rústica Rio Maior,4.0,KG,0.32,4.00,€
5158,5000628,padaria-e-pastelaria,Broas de Mel e Noz,0.35,KG,3.39,9.69,€
5159,6578937,padaria-e-pastelaria,Pão de Forma Integral com Côdea,0.52,KG,1.78,3.42,€
5160,7677023,padaria-e-pastelaria,Línguas de Gato,0.3,KG,1.5,5.00,€
5161,5683861,padaria-e-pastelaria,Massa de Pizza Fresca Estilo Americano,0.55,KG,2.59,4.71,€
5162,7168419,padaria-e-pastelaria,Dots Bombón,4.0,KG,1.89,7.88,€
5163,6601962,padaria-e-pastelaria,Pão Cerealia de 5 Sementes,0.435,KG,2.44,5.61,€
5164,7168421,padaria-e-pastelaria,Dots de Açúcar,4.0,KG,1.89,9.09,€
5165,6601963,padaria-e-pastelaria,Pão Cerealia de 14 Cereais e Sementes,0.435,KG,2.44,5.61,€
5166,7680684,padaria-e-pastelaria,Broa de Milho Doce,0.4,KG,1.11,2.78,€
5167,5184895,padaria-e-pastelaria,Massa Folhada Light,0.23,KG,1.49,6.48,€
5168,5223373,padaria-e-pastelaria,Tostas com Azeite e Sal,0.1,KG,1.87,18.70,€
5169,5740702,padaria-e-pastelaria,Ferradura de Erva Doce e Canela,0.25,KG,2.09,8.36,€
5170,6682013,padaria-e-pastelaria,Tarte de Amêndoa,0.1,KG,1.39,13.90,€
5171,5223378,padaria-e-pastelaria,Tostas com Alho e Salsa,0.1,KG,1.87,18.70,€
5173,5566391,padaria-e-pastelaria,Gressinos com Sésamo,2.0,KG,2.29,9.16,€
5174,7677026,padaria-e-pastelaria,Supremas,0.2,KG,2.0,10.00,€
5175,7638917,padaria-e-pastelaria,Tostas Rosmaninho,0.25,KG,2.99,11.96,€
5176,5725759,padaria-e-pastelaria,Mini Queques de Laranja,0.2,KG,1.6,8.00,€
5177,7636431,padaria-e-pastelaria,Tarte de Maçã,0.4,KG,3.99,9.98,€
5178,5775727,padaria-e-pastelaria,Biscoitos Areias,0.3,KG,1.95,6.50,€
5179,5296404,padaria-e-pastelaria,Pão Caseiro sem Glúten,0.24,KG,4.41,18.38,€
5180,7461691,padaria-e-pastelaria,Éclair de Caramelo Salgado,2.0,KG,0.99,11.00,€
5181,7636442,padaria-e-pastelaria,Torta de Chocolate,0.4,KG,3.99,9.98,€
5182,7167676,padaria-e-pastelaria,Pão de Forma 100% Natural sem côdea,0.45,KG,1.87,4.16,€
5183,6407158,padaria-e-pastelaria,Broa Batata Doce,0.3,KG,3.59,11.97,€
5184,7630214,padaria-e-pastelaria,Broas de Mel e Limão,0.3,KG,2.89,9.63,€
5185,7624734,padaria-e-pastelaria,Bolo de Iogurte,0.5,KG,3.39,6.78,€
5186,7636436,padaria-e-pastelaria,Pão de Rio Maior,0.9,UN,2.24,2.02,€
5187,5223371,padaria-e-pastelaria,Tostas com Tomate e Orégãos,0.1,KG,1.87,18.70,€
5188,6379131,padaria-e-pastelaria,Pão Espelta Integral,0.45,KG,3.23,7.18,€
5189,7473686,padaria-e-pastelaria,Pão de Deus,2.0,KG,0.89,7.24,€
5190,7574887,padaria-e-pastelaria,Sortido Húngaro,0.25,KG,2.19,8.76,€
5191,7371810,padaria-e-pastelaria,Pão Massa Mãe de Trigo do Alentejo,0.55,KG,1.59,3.18,€
5192,7519999,padaria-e-pastelaria,Pão de Forma sem Glúten,0.3,KG,2.44,8.13,€
5193,7246187,padaria-e-pastelaria,Massa Pizza Retangular 100% Farinha de Espelta,0.4,KG,2.59,6.48,€
5195,5000718,padaria-e-pastelaria,Broas de Café,0.35,KG,3.39,9.69,€
5196,5610608,padaria-e-pastelaria,Bolachas de Amendoim,0.22,KG,2.5,9.62,€
5197,7594140,padaria-e-pastelaria,Mil Folhas,0.11,KG,1.05,9.55,€
5198,6370471,padaria-e-pastelaria,Broas de Mel e Erva Doce,0.2,KG,2.0,10.00,€
5199,7630218,padaria-e-pastelaria,Argolas de Canela,0.3,KG,2.89,9.63,€
5200,4454284,padaria-e-pastelaria,Pão de Hot Dog Maxi,0.32,KG,1.59,4.97,€
5201,7628776,padaria-e-pastelaria,Guardanapo,2.0,KG,0.79,7.90,€
5202,7682081,padaria-e-pastelaria,Pão de Ló Clássico,0.5,KG,4.99,9.98,€
5203,6837867,padaria-e-pastelaria,Scones Inglês com Passas,0.3,KG,2.89,9.63,€
5204,4952717,padaria-e-pastelaria,Bolo Profiteroles,0.8,KG,12.19,15.24,€
5205,6370468,padaria-e-pastelaria,Broinhas Doces,0.3,KG,2.09,6.97,€
5206,7615582,padaria-e-pastelaria,Pão de Cereais,0.75,KG,2.25,3.00,€
5207,7157941,padaria-e-pastelaria,Pão de Cachorro,0.33,KG,1.11,3.36,€
5208,5131501,padaria-e-pastelaria,Salame de Chocolate com Amêndoa,0.45,KG,2.99,6.64,€
5209,7624737,padaria-e-pastelaria,Bolo de Laranja,0.5,KG,3.39,6.78,€
5210,5452413,padaria-e-pastelaria,Dots Glacê,3.0,KG,0.45,8.65,€
5211,7414518,padaria-e-pastelaria,Pão Forma Integral com Côdea Especial Torradas,0.52,KG,2.06,3.96,€
5212,7759757,padaria-e-pastelaria,Croissant Folhado,2.0,KG,0.49,7.54,€
5213,7760834,padaria-e-pastelaria,Croissant Folhado Pack Poupança,5.0,KG,2.45,5.83,€
5214,7768243,padaria-e-pastelaria,Pão de Deus Pack Poupança,3.0,KG,2.67,5.80,€
5215,7191919,padaria-e-pastelaria,Palmier Vitalcereais,2.0,KG,1.39,13.24,€
5216,7157940,padaria-e-pastelaria,Pão de Hambúrguer,0.22,KG,0.98,4.45,€
5217,5652739,padaria-e-pastelaria,Bolos de Gema,0.2,KG,2.99,14.95,€
5218,6750401,padaria-e-pastelaria,Wrap de Trigo,0.37,KG,1.75,4.73,€
5219,4360847,padaria-e-pastelaria,Pão de Ló Premium,0.85,KG,10.19,11.99,€
5220,6881816,padaria-e-pastelaria,Bolo de Chocolate com Noz,0.8,KG,12.49,15.61,€
5221,5128355,padaria-e-pastelaria,Tostas Baixo Teor de Sal,0.225,KG,0.93,4.13,€
5222,7624736,padaria-e-pastelaria,Bolo Mármore,0.5,KG,3.39,6.78,€
5223,2422226,padaria-e-pastelaria,Trouxas de Ovos,0.25,KG,5.59,22.36,€
5224,6851526,padaria-e-pastelaria,Pão de Forma Integral,0.48,KG,1.5,3.12,€
5225,6876530,padaria-e-pastelaria,Éclair de Chocolate,2.0,KG,0.99,11.00,€
5226,5793825,padaria-e-pastelaria,Queijadas de Laranja,4.0,KG,4.99,13.86,€
5227,7371797,padaria-e-pastelaria,Pão de Bicos,4.0,KG,0.42,6.00,€
5228,2960807,padaria-e-pastelaria,Broa de Milho de Serra da Estrela,0.5,KG,1.97,3.94,€
5229,7371837,padaria-e-pastelaria,Pão de Centeio e Sementes Massa Mãe,0.55,KG,1.59,3.18,€
5230,6718372,padaria-e-pastelaria,Wrap de Trigo,0.32,KG,1.64,5.12,€
5231,5005068,padaria-e-pastelaria,Croissant Brioche com Chocolate,2.0,KG,0.89,8.90,€
5232,7379959,padaria-e-pastelaria,Pão Escuro sem Glúten,0.3,KG,4.22,14.07,€
5233,3835573,padaria-e-pastelaria,Pastéis de Feijão,0.35,KG,2.59,7.40,€
5234,5652560,padaria-e-pastelaria,Bolo de Arroz sem Glúten,0.225,KG,3.56,15.82,€
5235,7647324,padaria-e-pastelaria,Pão de Forma de Centeio e Grãos,0.5,KG,1.78,3.56,€
5236,7677028,padaria-e-pastelaria,Lagartos,0.3,KG,1.5,5.00,€
5237,7371794,padaria-e-pastelaria,Pão de Centeio,0.425,KG,1.55,3.88,€
5238,5357483,padaria-e-pastelaria,Torta de Laranja,0.6,KG,8.49,14.15,€
5239,5652601,padaria-e-pastelaria,Muffins de Chocolate sem Glúten,0.24,KG,3.56,14.83,€
5240,7714526,padaria-e-pastelaria,Tigelada,2.0,KG,1.2,8.28,€
5241,7730953,padaria-e-pastelaria,Broa com Chouriço,0.4,KG,1.4,3.50,€
5242,7638927,padaria-e-pastelaria,Tostas Clássicas,0.25,KG,2.99,11.96,€
5243,7638663,padaria-e-pastelaria,Pastel com Frango,1.0,KG,1.19,14.00,€
5244,7429767,padaria-e-pastelaria,Madalenas sem Glúten,0.21,KG,2.99,14.24,€
5245,7677025,padaria-e-pastelaria,Mini Cenoura,0.26,KG,1.79,6.88,€
5246,5788428,padaria-e-pastelaria,Lanche Brioche Misto,2.0,KG,1.09,9.91,€
5247,7684670,padaria-e-pastelaria,Tostas com Tomate e Oregãos,0.15,KG,3.19,21.27,€
5248,4952639,padaria-e-pastelaria,Queijinhos de Amêndoa com Ovos Moles,0.12,KG,3.49,29.08,€
5249,5652596,padaria-e-pastelaria,Madalenas sem Glúten,0.24,KG,4.03,16.79,€
5250,6865895,padaria-e-pastelaria,Bolo com Cacau,3.0,KG,1.49,8.28,€
5251,5384030,padaria-e-pastelaria,Molotof Doce de Ovo,0.6,KG,9.99,16.65,€
5252,2815317,padaria-e-pastelaria,Queijadas de Sintra,6.0,KG,4.39,31.81,€
5253,6363344,padaria-e-pastelaria,Pão de Ló Cremoso,0.4,KG,4.79,11.98,€
5254,7380095,padaria-e-pastelaria,Palmier Supremo,0.5,KG,4.99,9.98,€
5255,6718364,padaria-e-pastelaria,Wrap Integral,0.32,KG,1.62,5.06,€
5256,6743261,padaria-e-pastelaria,Bolo de Aniversário de Chocolate Menina,0.75,KG,12.49,16.65,€
5257,6743277,padaria-e-pastelaria,Bolo de Aniversário de Chocolate Menino,0.75,KG,12.49,16.65,€
5258,7713027,padaria-e-pastelaria,Cacetinho Rústico,2.0,KG,0.22,1.57,€
5259,5157241,padaria-e-pastelaria,Pão de Ló Premium,0.5,KG,6.0,12.00,€
5260,2732309,padaria-e-pastelaria,Pão Fitness,0.5,KG,2.52,5.04,€
5261,7568213,padaria-e-pastelaria,Bolo de Aniversário de Chocolate,0.8,KG,11.99,14.99,€
5262,5817021,padaria-e-pastelaria,Palitos de Chocolate,0.25,KG,2.59,10.36,€
5263,6927892,padaria-e-pastelaria,Pão Cerealia 100% Integral,0.385,KG,2.44,6.34,€
5264,7568211,padaria-e-pastelaria,Bolo de Aniversário de Doce de Ovos,0.8,KG,11.99,14.99,€
5265,7297581,padaria-e-pastelaria,Dunkin Boston Creme,2.0,KG,2.69,34.49,€
5266,7122997,padaria-e-pastelaria,Bolo Floresta Negra,0.7,KG,10.99,15.70,€
5267,4715680,padaria-e-pastelaria,Esses de Limão,0.4,KG,3.39,8.48,€
5268,7382420,padaria-e-pastelaria,Bolo de Morango,0.6,KG,11.69,19.48,€
5269,5580008,padaria-e-pastelaria,Tarte de Amêndoa,0.6,KG,8.79,14.65,€
5270,7519998,padaria-e-pastelaria,Pão de Forma Sementes Sem Glúten,0.28,KG,2.44,8.71,€
5271,7157942,padaria-e-pastelaria,Pão Maxi Hambúrguer,0.3,KG,1.58,5.27,€
5272,6682029,padaria-e-pastelaria,Tarte de Nata,0.16,KG,1.39,8.69,€
5273,7221162,padaria-e-pastelaria,Mini Queques de Manteiga,0.25,KG,2.19,10.95,€
5274,6838264,padaria-e-pastelaria,Pão Proteico Low Carb Biológico,0.3,KG,3.23,10.77,€
5275,7167685,padaria-e-pastelaria,Pão de Forma 100% Natural Integral com Côdea,0.45,KG,1.54,3.42,€
5276,7684634,padaria-e-pastelaria,Tostas de Cebola e Queijo,0.15,KG,3.19,21.27,€
5277,7630213,padaria-e-pastelaria,Pastéis de Feijão,0.18,KG,2.89,16.06,€
5278,5888325,padaria-e-pastelaria,Bolachas Chocolate e Amendoim,0.2,KG,2.49,12.45,€
5279,6718374,padaria-e-pastelaria,Wrap Cereais com Sementes,0.32,KG,1.64,5.12,€
5280,7033350,padaria-e-pastelaria,Pudim de Ovos,0.5,KG,6.99,13.98,€
5281,7379925,padaria-e-pastelaria,Pão 5 Sementes sem Glúten,0.3,KG,4.22,14.07,€
5282,7154371,padaria-e-pastelaria,Mini Wrap de Trigo,0.26,KG,1.49,5.73,€
5283,6458559,padaria-e-pastelaria,Rosca de Creme de Ovo,0.6,KG,3.89,6.48,€
5284,3903440,padaria-e-pastelaria,Baba de Camelo Familiar,0.32,KG,4.69,14.66,€
5285,6881819,padaria-e-pastelaria,Bolo de Bolacha,0.8,KG,9.99,12.49,€
5286,7584612,padaria-e-pastelaria,Tostas com Alho e Tomilho sem Glúten,0.14,KG,3.61,25.79,€
5287,7333826,padaria-e-pastelaria,Dunkin Cheesecake Crumble,2.0,KG,2.69,34.94,€
5288,6743253,padaria-e-pastelaria,Bolo de Aniversário Quadrado de Doce de Ovos,0.75,KG,10.99,14.65,€
5289,5197118,padaria-e-pastelaria,Pão Continente Aldeia,0.6,UN,2.82,1.69,€
5290,2859140,padaria-e-pastelaria,Tortilhas Milho e Trigo,0.335,KG,3.49,10.42,€
5291,6754805,padaria-e-pastelaria,Pampilho,1.0,KG,1.19,13.22,€
5292,5364766,padaria-e-pastelaria,Bolo de Arroz,2.0,KG,0.59,8.43,€
5293,7033352,padaria-e-pastelaria,Pudim de Leite Condensado,0.5,KG,7.99,15.98,€
5294,7431754,padaria-e-pastelaria,Pão de Forma Rústico sem Glúten,0.5,KG,3.84,7.68,€
5295,7624733,padaria-e-pastelaria,Bolo Formigueiro,0.5,KG,3.39,6.78,€
5296,7624739,padaria-e-pastelaria,Bolo Brigadeiro,0.5,KG,3.39,6.78,€
5297,7313627,padaria-e-pastelaria,Bolo de Bolacha,0.5,KG,7.29,14.58,€
5298,7600279,padaria-e-pastelaria,Pastel com Salmão,1.0,KG,1.19,14.00,€
5299,7116213,padaria-e-pastelaria,Sortido de Bolachas,0.35,KG,3.69,10.54,€
5300,7523162,padaria-e-pastelaria,Pão Fatiado sem Glúten,0.3,KG,5.16,17.20,€
5301,6881817,padaria-e-pastelaria,Bolo Brigadeiro,0.8,KG,9.99,12.49,€
5302,6837960,padaria-e-pastelaria,Pão Alentejano Massa Mãe,1.0,UN,2.9,2.90,€
5303,7619951,padaria-e-pastelaria,Pão Cerealia de Milho e Centeio,0.385,KG,2.44,6.34,€
5304,5547210,padaria-e-pastelaria,Suspiros,0.15,KG,2.79,18.60,€
5305,4856082,padaria-e-pastelaria,Tortas de Azeitão,0.18,KG,6.69,22.30,€
5306,7631529,padaria-e-pastelaria,Bicoitos com Avelã e Pepitas de Chocolate,0.2,KG,3.29,16.45,€
5307,7635917,padaria-e-pastelaria,Mini Gressinos com Sal,0.15,KG,1.79,11.93,€
5308,7620621,padaria-e-pastelaria,Pão Rústico sem Glúten,0.4,KG,4.22,10.55,€
5309,6837865,padaria-e-pastelaria,Scones Inglês,0.3,KG,2.99,9.97,€
5310,7539045,padaria-e-pastelaria,Biscoitos Integrais de Batata Doce e Chocolate,0.2,KG,2.49,12.45,€
5311,6539984,padaria-e-pastelaria,Pão Rústico Fatiado sem Glúten,0.25,KG,3.38,13.52,€
5312,6170916,padaria-e-pastelaria,Torta de Doce de Ovo,0.55,KG,9.69,17.62,€
5313,7620617,padaria-e-pastelaria,Pão Rústico com Sementes sem Glúten,0.4,KG,4.22,10.55,€
5314,6437612,padaria-e-pastelaria,Pão Aveia e Sementes Biológico,0.3,KG,3.23,10.77,€
5315,4615749,padaria-e-pastelaria,Broas de Limão,0.22,KG,2.29,11.45,€
5316,5031545,padaria-e-pastelaria,Pastel de Nata 100% Português,4.0,KG,0.79,11.29,€
5317,7290359,padaria-e-pastelaria,Pão Integral Alemão de Centeio Biológico,0.5,KG,2.82,5.64,€
5318,7402536,padaria-e-pastelaria,Pão Maxi Hambúrguer Brioche,0.3,KG,1.99,6.63,€
5319,7639577,padaria-e-pastelaria,Torta de Doce de Ovo,0.4,KG,3.99,9.98,€
5320,7039621,padaria-e-pastelaria,Pão Pita Vegan sem Lactose,0.4,KG,1.87,4.68,€
5321,7639026,padaria-e-pastelaria,Pastel com Doce de Ovos e Amêndoa,1.0,KG,1.01,11.88,€
5322,2732299,padaria-e-pastelaria,Pão Mistura 4 Cereais,0.5,KG,2.52,5.04,€
5323,2422203,padaria-e-pastelaria,Ovos Moles,0.25,KG,5.69,22.76,€
5324,7754413,padaria-e-pastelaria,Bola de Berlim Creme de Ovo,2.0,KG,0.79,6.58,€
5325,7391537,padaria-e-pastelaria,"Recheio Doce de  Ovos ""O Nosso Croissant""",0.03,KG,0.59,19.67,€
5327,6926939,padaria-e-pastelaria,Ferradura de Chocolate,2.0,KG,1.19,8.50,€
5328,4716888,padaria-e-pastelaria,Merenda Mista,2.0,KG,0.69,5.90,€
5329,7102759,padaria-e-pastelaria,Pão de Forma Clássico Branco sem Glúten,0.35,KG,3.37,9.63,€
5330,7371857,padaria-e-pastelaria,Bolo do Caco,2.0,KG,0.83,6.92,€
5331,7328026,padaria-e-pastelaria,Bolo Red Velvet,0.5,KG,8.79,17.58,€
5332,7446837,padaria-e-pastelaria,Pão de Queijo,6.0,KG,0.15,6.82,€
5333,4735957,padaria-e-pastelaria,Esses de Azeitão,0.24,KG,4.19,17.46,€
5334,7719065,padaria-e-pastelaria,Baguete Rústica Massa Mãe,0.27,KG,0.69,2.76,€
5335,7636440,padaria-e-pastelaria,Tarte de Coco,0.4,KG,3.99,9.98,€
5336,7435469,padaria-e-pastelaria,Pão Escuro Massa Mãe,0.4,KG,1.31,3.28,€
5337,6632813,padaria-e-pastelaria,Cheesecake de Doce de Leite,0.5,KG,7.99,15.98,€
5338,4848194,padaria-e-pastelaria,Tostas Redondas com Passas,0.1,KG,1.99,19.90,€
5339,7638665,padaria-e-pastelaria,Pastel com Legumes,1.0,KG,1.19,14.00,€
5340,7515484,padaria-e-pastelaria,Cronut Chocolate,2.0,KG,1.09,11.47,€
5341,6001732,padaria-e-pastelaria,Tosta Crocante Quinoa Biológica,0.15,KG,3.93,26.20,€
5342,7431756,padaria-e-pastelaria,Pão de Forma Cereais sem Glúten,0.5,KG,3.84,7.68,€
5343,7322427,padaria-e-pastelaria,Bolo de Chocolate e Caramelo,0.7,KG,9.19,13.13,€
5344,6541632,padaria-e-pastelaria,Pão Branco Fatias sem Glúten,0.25,KG,2.91,11.64,€
5345,3903449,padaria-e-pastelaria,Natas do Céu Familiar,0.3,KG,4.79,15.97,€
5346,5736430,padaria-e-pastelaria,Bolachas de Aveia,0.2,KG,3.19,15.95,€
5347,7095916,padaria-e-pastelaria,Pão de Leite Brioche com Chocolate,6.0,KG,3.35,14.44,€
5348,7435480,padaria-e-pastelaria,Pão Escuro Massa Mãe,2.0,KG,0.36,4.50,€
5349,5888382,padaria-e-pastelaria,"Bolacha de Amendoim, Sementes e Passas",0.2,KG,2.49,12.45,€
5350,7328025,padaria-e-pastelaria,Bolo de Chantilly,0.5,KG,9.19,18.38,€
5351,7313619,padaria-e-pastelaria,Bolo Chocolate com Noz,0.5,KG,9.39,18.78,€
5352,7431777,padaria-e-pastelaria,Pão Forma Branco sem Glúten,0.5,KG,3.84,7.68,€
5353,7600281,padaria-e-pastelaria,Pastel com Queijo e Fiambre,1.0,KG,1.19,14.00,€
5354,7538536,padaria-e-pastelaria,Pão Triespelta,0.4,KG,2.06,5.15,€
5355,7636441,padaria-e-pastelaria,Tarte de Limão,0.4,KG,3.99,9.98,€
5356,5194506,padaria-e-pastelaria,Pão Rústico,0.9,UN,2.44,2.20,€
5357,6750168,padaria-e-pastelaria,Travesseiros de Sintra,6.0,KG,6.99,11.65,€
5358,6997503,padaria-e-pastelaria,Praliné de Chocolate,0.5,KG,9.59,19.18,€
5359,6420973,padaria-e-pastelaria,Broinhas com Ovos Moles,0.25,KG,4.39,17.56,€
5360,7248337,padaria-e-pastelaria,Mini Bolinhos,0.21,KG,2.59,12.33,€
5361,7313907,padaria-e-pastelaria,Bolo Floresta Negra,0.5,KG,9.59,19.18,€
5362,6862563,padaria-e-pastelaria,Pão de Beterraba,0.35,KG,2.06,5.89,€
5363,7523164,padaria-e-pastelaria,Pão Fatiado Multicereal sem Glúten,0.32,KG,5.25,16.41,€
5364,6531308,padaria-e-pastelaria,Pão de Sementes de Linhaça Biológico,0.5,KG,2.52,5.04,€
5365,6855941,padaria-e-pastelaria,Trança de Noz Pecan,2.0,KG,0.89,9.08,€
5366,7754411,padaria-e-pastelaria,Bola de Berlim sem Creme,2.0,KG,0.75,9.38,€
5367,7724910,padaria-e-pastelaria,Pampilho,0.6,KG,4.59,7.65,€
5368,7313934,padaria-e-pastelaria,Tarte de Nata,0.5,KG,6.19,12.38,€
5369,6189081,padaria-e-pastelaria,Tiramisu,0.38,KG,5.99,15.76,€
5370,7328028,padaria-e-pastelaria,Bolo de Chocolate e Frutos Vermelhos,0.5,KG,8.89,17.78,€
5371,6763526,padaria-e-pastelaria,Pão Tostado Integral,0.27,KG,1.4,5.19,€
5372,7523163,padaria-e-pastelaria,Pão Fatiado Integral sem Glúten,0.34,KG,5.25,15.44,€
5373,6862557,padaria-e-pastelaria,Pão de Alfarroba,0.35,KG,2.06,5.89,€
5374,3725758,padaria-e-pastelaria,Pão de Forma Fibras,0.4,KG,2.67,6.68,€
5375,7635914,padaria-e-pastelaria,"Tostas com Pesto, Alho e Manjericão",0.1,KG,1.69,16.90,€
5376,7538549,padaria-e-pastelaria,Pão 100% Integral,0.4,KG,2.06,5.15,€
5377,7675765,padaria-e-pastelaria,Tentação Branco e Negro,0.3,KG,3.0,13.64,€
5378,7379960,padaria-e-pastelaria,Pão Branco sem Glúten,0.3,KG,4.22,14.07,€
5379,7442108,padaria-e-pastelaria,Dunkin Shell,4.0,KG,5.49,15.96,€
5380,7168391,padaria-e-pastelaria,Ferradura de Creme,2.0,KG,1.19,8.50,€
5381,7706414,padaria-e-pastelaria,Dunkin Munchkins,6.0,KG,3.99,55.42,€
5382,7321412,padaria-e-pastelaria,Tarte de Feijão,0.5,KG,8.59,17.18,€
5383,5791199,padaria-e-pastelaria,Folhado Misto com Carne,2.0,KG,0.99,7.07,€
5384,2422238,padaria-e-pastelaria,Beijinhos de Pombal,0.09,KG,3.09,34.33,€
5385,7538542,padaria-e-pastelaria,Croissant Brioche Vegan,0.36,KG,2.79,7.75,€
5386,5297245,padaria-e-pastelaria,Tortilha Wrap Amaizin Biológica,0.24,KG,2.89,12.04,€
5387,4470544,padaria-e-pastelaria,Bolos Económicos,0.5,KG,4.69,9.38,€
5388,7583977,padaria-e-pastelaria,Pão Panino Hambúrguer XL sem Glúten,0.2,KG,4.22,21.10,€
5389,2834855,padaria-e-pastelaria,Pão de Centeio Biológico,0.5,KG,2.62,5.24,€
5390,7675763,padaria-e-pastelaria,Tentação de Bolacha,0.3,KG,3.0,10.00,€
5391,7611772,padaria-e-pastelaria,Pão do Ló Tipo Margaride,0.6,KG,7.89,13.15,€
5392,3863325,padaria-e-pastelaria,Pão de Mafra Redondo Fatiado,0.5,KG,1.4,2.80,€
5393,7412743,padaria-e-pastelaria,Broas de Mel e Amêndoa,0.35,KG,3.99,11.40,€
5394,5793915,padaria-e-pastelaria,Queijadas de Amêndoa,0.36,KG,4.99,13.86,€
5396,7575917,padaria-e-pastelaria,Broas de Batata Doce,0.3,KG,4.5,15.00,€
5397,4615745,padaria-e-pastelaria,Broas de Milho,0.22,KG,2.29,11.45,€
5398,5029888,padaria-e-pastelaria,Éclair de Chocolate,2.0,KG,1.09,15.57,€
5399,7584417,padaria-e-pastelaria,Pão de Forma Brioche Vegan,0.3,KG,3.19,10.63,€
5400,6910021,padaria-e-pastelaria,Mousse Cookie de Chocolate,0.4,KG,7.19,17.98,€
5401,6632816,padaria-e-pastelaria,Cheesecake de Frutos Vermelhos,0.5,KG,7.99,15.98,€
5402,2847425,padaria-e-pastelaria,Popia Alentejana,0.35,KG,2.9,8.29,€
5403,6119644,padaria-e-pastelaria,Bolo de Mel da Madeira,0.5,KG,6.99,13.98,€
5404,7631528,padaria-e-pastelaria,Biscoitos de Avelã e Aveia,0.2,KG,3.29,16.45,€
5405,7647315,padaria-e-pastelaria,Pão de Rio Maior com Grãos Germinados,0.35,KG,1.68,4.80,€
5406,7429779,padaria-e-pastelaria,Palmier Simples sem Glúten,0.15,KG,2.71,18.07,€
5407,6970660,padaria-e-pastelaria,Pão Alemão Proteínas,0.25,KG,2.43,9.72,€
5408,7638266,padaria-e-pastelaria,Focaccia sem Glúten,0.17,KG,4.69,27.59,€
5409,6597437,padaria-e-pastelaria,Pão Paleo Low Carb,0.3,KG,3.23,10.77,€
5410,7333825,padaria-e-pastelaria,Dunkin Cocoa Hazelnut,2.0,KG,2.69,34.49,€
5411,7168199,padaria-e-pastelaria,"Biscoito de Alfarroba, Coco e Limão",0.2,KG,3.29,16.45,€
5412,7290377,padaria-e-pastelaria,Pão Integral Alemão de Centeio com Sementes de Girassol,0.5,KG,2.63,5.26,€
5413,7754414,padaria-e-pastelaria,Bola de Berlim Chocolate,2.0,KG,0.79,6.58,€
5414,2540543,padaria-e-pastelaria,Folar Folhado de Olhão,0.67,KG,5.59,8.34,€
5415,2586105,padaria-e-pastelaria,Fatia de Salame de Chocolate Mico & Mica,0.06,KG,0.79,13.17,€
5416,7636434,padaria-e-pastelaria,Tarte de Brigadeiro,0.4,KG,3.99,9.98,€
5417,6420956,padaria-e-pastelaria,Broinhas de Ovos Moles com Noz,0.25,KG,4.49,17.96,€
5418,2422235,padaria-e-pastelaria,Cavacas Finas,0.09,KG,3.19,35.44,€
5419,7375889,padaria-e-pastelaria,Macarons Sortido,0.11,KG,3.59,32.64,€
5420,7730893,padaria-e-pastelaria,Pão com Chouriço,0.2,KG,1.02,10.20,€
5421,5029889,padaria-e-pastelaria,Pata de Veado,2.0,KG,0.99,11.00,€
5422,7297584,padaria-e-pastelaria,Dunkin Strawberry Sprinkle,2.0,KG,2.69,34.94,€
5423,5005531,padaria-e-pastelaria,Ovos Moles,0.15,KG,3.49,23.27,€
5424,7743526,padaria-e-pastelaria,Delícia de Limão,0.5,KG,5.99,11.98,€
5425,7479421,padaria-e-pastelaria,Salame de Chocolate com Creme de Cacau e Avelãs,0.4,KG,4.99,12.48,€
5426,5663481,padaria-e-pastelaria,Creme de Ovos Moles,0.3,KG,5.69,18.97,€
5427,7371792,padaria-e-pastelaria,Baguete de Alho,0.175,KG,0.85,5.00,€
5428,7538678,padaria-e-pastelaria,Salatinos,6.0,KG,6.5,21.67,€
5429,6420957,padaria-e-pastelaria,Broinhas com Ovos Moles e Mirtillo,0.25,KG,4.49,17.96,€
5430,7539044,padaria-e-pastelaria,Biscoitos Integrais de Coco e Espelta,0.2,KG,2.49,12.45,€
5431,7391567,padaria-e-pastelaria,"Recheio Frutos Silvestres ""O Nosso Croissant""",0.03,KG,0.59,19.67,€
5432,7168240,padaria-e-pastelaria,Biscoito de Aveia e Banana,0.2,KG,3.29,16.45,€
5433,3641058,padaria-e-pastelaria,Pão Integral 3 Cereais Biológico,0.5,KG,3.75,7.50,€
5434,7371247,padaria-e-pastelaria,Broa de Milho,1.5,UN,3.06,4.59,€
5435,7753300,padaria-e-pastelaria,Pão Alto Teor de Proteína,0.2,KG,3.19,15.95,€
5436,7483220,padaria-e-pastelaria,Brigadeiros de Chocolate,6.0,KG,4.99,33.27,€
5437,7194634,padaria-e-pastelaria,"Bolachas de Sementes de linhaça, Sésamo e Abóbora",0.2,KG,2.49,12.45,€
5438,7753297,padaria-e-pastelaria,Pão Natural sem Farinha,0.3,KG,3.49,11.63,€
5439,7584616,padaria-e-pastelaria,Croissant Cornetti Chocolate sem Glúten,0.24,KG,5.63,23.46,€
5440,7314202,padaria-e-pastelaria,Bolo Brigadeiro,0.5,KG,5.99,11.98,€
5441,7279410,padaria-e-pastelaria,Suspiros Finos,0.07,KG,1.84,26.29,€
5442,7743537,padaria-e-pastelaria,Delícia de Tiramissú,0.5,KG,5.99,11.98,€
5443,6899834,padaria-e-pastelaria,Massa Tenra Fresca,0.3,KG,2.79,9.30,€
5444,4952637,padaria-e-pastelaria,Trufas com Ovos Moles,0.12,KG,3.39,28.25,€
5445,5784728,padaria-e-pastelaria,Folhado com Recheio de Pizza,2.0,KG,0.99,7.33,€
5446,7483221,padaria-e-pastelaria,Brigadeiros de Doce de Leite,6.0,KG,4.99,33.27,€
5447,7539043,padaria-e-pastelaria,Biscoitos Integrais de Chia e Limão,0.2,KG,2.49,12.45,€
5448,7568228,padaria-e-pastelaria,Dots Party,4.0,KG,3.4,15.45,€
5449,7479422,padaria-e-pastelaria,Salame de Chocolate Red Velvet,0.4,KG,4.99,12.48,€
5450,6117638,padaria-e-pastelaria,Frigideira de Carne,2.0,KG,1.49,9.93,€
5451,3701499,padaria-e-pastelaria,Pão de Mafra Comprido Fatiado,0.5,KG,1.4,2.80,€
5452,7636443,padaria-e-pastelaria,Torta de Morango,0.4,KG,4.19,10.48,€
5453,5206324,padaria-e-pastelaria,Tostas Suecas,0.225,KG,1.31,5.82,€
5454,4332787,padaria-e-pastelaria,Massa Filo,0.12,KG,1.99,16.58,€
5455,5745972,padaria-e-pastelaria,Fios de Ovos,0.1,KG,3.29,32.90,€
5456,7290241,padaria-e-pastelaria,Pão Integral Alemão de Centeio e Aveia,0.5,KG,2.78,5.56,€
5457,2971187,padaria-e-pastelaria,Creme de Ovos Moles,0.125,KG,2.29,18.32,€
5458,7743553,padaria-e-pastelaria,Delícia de Profiteroles,0.5,KG,5.99,11.98,€
5459,7609604,padaria-e-pastelaria,Folhados de Chocolate,0.22,KG,2.89,13.14,€
5460,7391560,padaria-e-pastelaria,"Recheio Chocolate ""O Nosso Croissant""",0.03,KG,0.59,19.67,€
5461,7694274,padaria-e-pastelaria,Biscoitos de Baunilha Proteicos Vegan,0.2,KG,2.99,14.95,€
5462,7612101,padaria-e-pastelaria,Pão de Assinatura,0.5,KG,1.5,3.00,€
5463,2350084,padaria-e-pastelaria,Bola de Mafra,4.0,KG,1.17,3.90,€
5464,5979866,padaria-e-pastelaria,Baguete Clássica sem Glúten Biológico,0.36,KG,5.02,13.94,€
5465,6924240,padaria-e-pastelaria,Pão de Forma Regional de Mafra,0.5,KG,1.74,3.48,€
5466,4087532,padaria-e-pastelaria,Pão Baguete Mini sem Glúten,2.0,KG,2.86,19.07,€
5467,6917736,padaria-e-pastelaria,Pão Fatiado Trigo Sarraceno sem Glúten Biológico,0.25,KG,3.29,13.16,€
5468,7694273,padaria-e-pastelaria,Biscoitos de Chocolate Proteicos Vegan,0.2,KG,2.99,14.95,€
5469,7584339,padaria-e-pastelaria,Bolinhas Brancas sem Glúten,0.16,KG,1.87,11.69,€
5470,7290380,padaria-e-pastelaria,Pão Integral Alemão de Centeio com Sementes de Linho,0.5,KG,2.63,5.26,€
5471,7429768,padaria-e-pastelaria,Madalenas com Pepitas de Chocolate sem Glúten,0.21,KG,2.99,14.24,€
5472,2076815,frutas-e-legumes,Pepino,0.35,UN,1.99,0.70,€
5474,7069275,frutas-e-legumes,Mirtilo,0.2,KG,2.99,14.95,€
5475,2170414,frutas-e-legumes,Uva Red Globe,1.2,UN,2.99,3.59,€
5477,2373500,frutas-e-legumes,Pera Packham's,0.6,UN,1.21,0.24,€
5478,5527045,frutas-e-legumes,Espinafre,0.3,KG,2.06,6.87,€
5480,7201219,frutas-e-legumes,Amora do Algarve,0.2,KG,2.99,14.95,€
5481,7380498,frutas-e-legumes,Beringela Biológica,0.4,KG,2.49,6.23,€
5482,4297831,frutas-e-legumes,Amendoim no Forno,0.2,KG,1.81,9.05,€
5483,7723320,frutas-e-legumes,Tremoço Extra,0.235,KG,2.09,8.89,€
5484,7559249,frutas-e-legumes,Cogumelo Pleurothus Biológico,0.15,KG,1.99,13.27,€
5485,7723319,frutas-e-legumes,Azeitona Verde Gordal,0.38,KG,2.01,9.57,€
5486,7739418,frutas-e-legumes,Manjericão Seco,0.04,KG,1.49,37.25,€
5487,4716698,frutas-e-legumes,Salada Ibérica,0.1,KG,1.59,15.90,€
5488,2597619,frutas-e-legumes,Banana,0.8,UN,1.21,0.24,€
5489,2076759,frutas-e-legumes,Curgete Verde,0.5,UN,1.87,0.94,€
5490,2885107,frutas-e-legumes,Cenoura Embalada,1.0,KG,1.22,1.22,€
5491,2507240,frutas-e-legumes,Laranja Nacional,1.4,UN,1.21,0.42,€
5492,7102076,frutas-e-legumes,Pera Rocha DOP Oeste,0.72,UN,1.87,0.34,€
5493,2471513,frutas-e-legumes,Morango,0.5,KG,2.29,4.58,€
5494,2076764,frutas-e-legumes,Couve Brócolo,0.55,UN,2.98,1.64,€
5496,4618134,frutas-e-legumes,Cebola,1.5,KG,2.81,1.87,€
5497,5303778,frutas-e-legumes,Clementina Orri,0.42,UN,2.99,0.42,€
5498,5063155,frutas-e-legumes,Cenoura,0.68,UN,1.22,0.21,€
5499,7374929,frutas-e-legumes,Morango Premium Nacional,1.0,KG,4.99,4.99,€
5500,2253796,frutas-e-legumes,Tomate em Cacho,0.48,UN,2.25,0.32,€
5501,4419690,frutas-e-legumes,Alho Francês Cortado,0.3,KG,1.4,4.67,€
5502,3725842,frutas-e-legumes,Kiwi Nacional,0.52,UN,3.15,0.41,€
5503,2076480,frutas-e-legumes,Banana da Madeira,1.1,UN,2.82,3.10,€
5504,3652458,frutas-e-legumes,Maçã Gala IGP Alcobaça,0.72,UN,1.87,0.34,€
5505,7171318,frutas-e-legumes,Espinafre Baby Leaf,0.17,KG,1.12,6.59,€
5506,2076841,frutas-e-legumes,Tomate Redondo,0.75,UN,1.99,0.50,€
5507,4480831,frutas-e-legumes,Manga Palmer Maturada,0.6,UN,2.29,1.37,€
5508,5454736,frutas-e-legumes,Batata Vermelha,3.0,KG,3.69,1.23,€
5509,6910878,frutas-e-legumes,Uva Branca sem Grainha,0.4,KG,2.99,7.48,€
5510,5063153,frutas-e-legumes,Cebola Nova,0.5,UN,1.87,0.47,€
5511,6921736,frutas-e-legumes,Cogumelo Marron,0.3,KG,1.89,6.30,€
5528,2504465,frutas-e-legumes,Manga Palmer de Avião,0.6,UN,4.49,2.69,€
5529,5394157,frutas-e-legumes,Cebola Roxa,0.32,UN,1.99,0.32,€
5530,5326031,frutas-e-legumes,Cereja,0.5,KG,3.49,6.98,€
5531,5521725,frutas-e-legumes,Laranja IGP Algarve,1.5,KG,2.25,1.50,€
5532,6919909,frutas-e-legumes,Mirtilo,0.4,KG,5.99,14.98,€
5533,2954544,frutas-e-legumes,Tomate Mini Chucha Vermelho,0.25,KG,1.22,4.88,€
5534,3606266,frutas-e-legumes,Salada Ibéria,0.15,KG,1.39,9.27,€
5535,2729169,frutas-e-legumes,Rúcula Selvagem,0.1,KG,0.95,9.50,€
5536,7677702,frutas-e-legumes,Pera Rocha DOP Oeste,1.5,KG,2.25,1.50,€
5537,5705035,frutas-e-legumes,Batata Doce Polpa Laranja,1.0,KG,1.68,1.68,€
5538,4349742,frutas-e-legumes,Salada Aromática,0.15,KG,1.59,10.60,€
5539,2076767,frutas-e-legumes,Couve Coração Inteira,1.1,UN,1.19,1.31,€
5540,6690952,frutas-e-legumes,Salsa,0.05,KG,0.99,19.80,€
5541,3652504,frutas-e-legumes,Maçã Golden,0.8,UN,2.06,0.41,€
5542,7382406,frutas-e-legumes,Cenoura Biológica,0.5,KG,0.99,1.98,€
5543,2230127,frutas-e-legumes,Abacaxi Sweet Inteiro,2.2,UN,1.29,2.84,€
5544,2076838,frutas-e-legumes,Tomate Chucha,0.56,UN,2.34,0.33,€
5545,5704687,frutas-e-legumes,Tomate Cherry Trimix,0.25,KG,1.31,5.24 ,€
5546,6998176,frutas-e-legumes,Miolo de Noz Metades,0.2,KG,2.49,12.45,€
5547,7303767,frutas-e-legumes,Maçã Pink Lady,0.44,UN,2.82,0.62,€
5548,5104239,frutas-e-legumes,Alho seco,0.2,UN,6.29,0.63,€
5549,5004735,frutas-e-legumes,Chuchu,0.76,UN,2.79,1.06,€
5550,6825908,frutas-e-legumes,Uva Rosada sem Grainha,0.5,KG,2.99,5.98,€
5551,5489387,frutas-e-legumes,Alface Iceberg,0.7,UN,2.55,1.79,€
5568,2076622,frutas-e-legumes,Uva Branca sem Grainha,1.2,UN,4.99,5.99,€
5569,4736536,frutas-e-legumes,Pimento Tricolor,0.5,KG,2.69,5.38,€
5570,7630607,frutas-e-legumes,Tomate Cherry Alongado,0.25,KG,1.4,5.60,€
5572,2076790,frutas-e-legumes,Feijão Verde Largo,0.3,UN,3.99,0.12,€
5573,7036310,frutas-e-legumes,Limão IGP Algarve,1.0,KG,2.19,2.19,€
5574,4090204,frutas-e-legumes,Tomate Coração de Boi,0.7,UN,2.99,0.90,€
5575,7755511,frutas-e-legumes,Pêssego Vermelho Royal,0.5,KG,2.99,5.98,€
5576,6998057,frutas-e-legumes,Miolo de Amendoim com Sal,0.2,KG,0.99,4.95,€
5577,7205706,frutas-e-legumes,Caju Torrado sem Sal,0.2,KG,3.29,16.45,€
5579,2076823,frutas-e-legumes,Pimento Verde,0.7,UN,2.99,1.05,€
5580,7366685,frutas-e-legumes,Abacate Biológico,0.3,KG,1.99,6.63,€
5581,7755514,frutas-e-legumes,Nectarina Royal,0.5,KG,2.99,5.98,€
5582,7029178,frutas-e-legumes,Miolo de Amêndoa com Pele,0.2,KG,2.19,10.95,€
5583,5719935,frutas-e-legumes,Bimi,0.2,KG,2.39,11.95,€
5584,6772827,frutas-e-legumes,Mistura de Frutos Silvestres,0.65,KG,3.29,5.06,€
5585,3835925,frutas-e-legumes,Feijão Verde,0.5,KG,2.99,5.98,€
5586,3067675,frutas-e-legumes,Pera Conference,0.63,UN,2.34,0.49,€
5587,3904652,frutas-e-legumes,Agrião Baby,0.15,KG,1.39,9.27,€
5588,2076563,frutas-e-legumes,Melão Verde Inteiro,5.0,UN,1.87,9.35,€
5589,4613478,frutas-e-legumes,Cebola Doce,1.0,KG,2.82,2.82,€
5590,7465846,frutas-e-legumes,Mirtilo Biológico,0.125,KG,1.99,15.92,€
5608,6998166,frutas-e-legumes,Miolo de Caju com Sal,0.2,KG,2.65,13.25,€
5609,6690954,frutas-e-legumes,Hortelã,0.05,KG,0.99,19.80,€
5610,3802122,frutas-e-legumes,Cenoura Ripada,0.2,KG,0.74,3.70,€
5611,6011910,frutas-e-legumes,Batata para Assar,2.0,KG,2.44,1.22,€
5613,7178244,frutas-e-legumes,Caldo Verde,0.25,KG,1.09,€4.36, 
5614,3800355,frutas-e-legumes,Batata Especial Assar,0.5,KG,1.87,3.74,€
5615,5464229,frutas-e-legumes,Batata Especial Cozer,3.0,KG,4.23,1.41,€
5616,6531811,frutas-e-legumes,Morangos,0.75,KG,3.49,4.65,€
5617,7061792,frutas-e-legumes,Framboesa,0.2,KG,3.49,17.45,€
5618,2577634,frutas-e-legumes,Banana Biológica,1.15,UN,1.68,1.93,€
5619,2216170,frutas-e-legumes,Mamão de Avião Inteiro,1.6,UN,4.59,7.34,€
5620,7029267,frutas-e-legumes,Pistácio Torrado sem Sal,0.2,KG,2.99,14.95,€
5621,4956901,frutas-e-legumes,Tomate Mini Biológico,0.25,KG,1.19,4.76,€
5623,3800430,frutas-e-legumes,Tomate Cherry Sweet Vermelho,0.25,KG,1.68,6.72,€
5624,6891575,frutas-e-legumes,Abacaxi Honey Glow Inteiro,2.2,UN,1.99,4.38,€
5625,7571622,frutas-e-legumes,Azeitona Preta Oxidada em Rodelas,0.165,KG,1.29,7.82,€
5626,7486941,frutas-e-legumes,Alho Seco Biológico,0.15,KG,0.99,6.60,€
5627,2716608,frutas-e-legumes,Canónigos,0.125,KG,1.29,10.32,€
5628,7577954,frutas-e-legumes,Batata Vermelha,5.0,KG,4.95,0.99,€
5629,5099108,frutas-e-legumes,Gengibre,0.4,UN,4.69,1.88,€
5630,7382311,frutas-e-legumes,Limão Biológico,0.5,KG,1.49,2.98,€
5631,5464171,frutas-e-legumes,Batata Especial Assar,1.0,KG,1.68,1.68,€
5648,5687417,frutas-e-legumes,Mistura de Pimentos Doces,0.2,KG,1.99,9.95,€
5651,5099026,frutas-e-legumes,Maracujá Roxo,0.28,UN,7.99,0.56,€
5652,6868811,frutas-e-legumes,Mirtilos,0.4,KG,3.19,7.98,€
5653,7571618,frutas-e-legumes,Azeitona Preta Oxidada,0.21,KG,1.09,5.19,€
5654,7029183,frutas-e-legumes,Pistácio Torrado com Casca e Sal,0.2,KG,2.99,14.95,€
5655,7029249,frutas-e-legumes,Tâmara Seca Descaroçada,0.2,KG,1.39,6.95,€
5656,6610199,frutas-e-legumes,Preparado para Sopa de Espinafres,0.5,KG,1.87,3.74,€
5657,5050572,frutas-e-legumes,Melancia Preta Poucas Sementes Inteira,5.0,UN,1.79,8.95,€
5658,7029235,frutas-e-legumes,Miolo de Avelã Torrada,0.2,KG,2.99,14.95,€
5659,6872502,frutas-e-legumes,Cabaz de Frutas da Época,5.0,KG,17.99,3.60,€
5660,3842593,frutas-e-legumes,Cebolinho,0.02,KG,1.49,74.50,€
5661,7030199,frutas-e-legumes,Uva Passa sem Grainha,0.2,KG,1.29,6.45,€
5662,6996720,frutas-e-legumes,Miolo de Amendoim com Mel e Sal,0.2,KG,1.39,6.95,€
5663,3800766,frutas-e-legumes,Cebola Chalota,0.25,KG,1.02,4.08,€
5664,2076774,frutas-e-legumes,Couve Portuguesa / Penca,1.1,UN,1.4,1.54,€
5665,5450695,frutas-e-legumes,Tremoço Extra,0.3,KG,1.99,6.63,€
5666,7003287,frutas-e-legumes,Sementes de Abóbora,0.2,KG,1.69,8.45,€
5667,7578216,frutas-e-legumes,Salada Iceberg,0.25,KG,1.4,5.60,€
5668,5773748,frutas-e-legumes,Espinafre,0.15,KG,1.68,11.20,€
5669,7533051,frutas-e-legumes,Espargos Finos,0.25,KG,2.19,8.76,€
5670,6921732,frutas-e-legumes,Cogumelo Pleurotus,0.2,KG,1.39,6.95,€
5671,7625607,frutas-e-legumes,Snack Mini Pepino,0.25,KG,2.19,8.76,€
5688,7382563,frutas-e-legumes,Tomate Cacho Biológico,0.5,KG,2.29,4.58,€
5689,3578473,frutas-e-legumes,Salada Lollo e Tango,0.15,KG,1.4,9.33,€
5690,7205708,frutas-e-legumes,Miolo de Noz Pecan,0.2,KG,3.49,17.45,€
5691,7029078,frutas-e-legumes,Amendoim Torrado com Casca,0.5,KG,1.69,3.38,€
5692,7029087,frutas-e-legumes,Miolo de Amêndoa Laminada,0.2,KG,2.59,12.95,€
5693,7382576,frutas-e-legumes,Espinafre Biológico,0.3,KG,1.59,5.30,€
5694,6919907,frutas-e-legumes,Framboesa,0.3,KG,4.49,14.97,€
5695,6937573,frutas-e-legumes,Batata para Fritar,3.0,KG,3.59,1.20,€
5696,6664813,frutas-e-legumes,Tomate Cherry Rama,0.22,KG,1.97,8.95,€
5697,6896876,frutas-e-legumes,Manga,0.6,KG,3.0,5.00,€
5698,7357120,frutas-e-legumes,Couve Brócolo Biológico,0.4,KG,3.49,8.73,€
5699,5783056,frutas-e-legumes,Pimento Padrão,0.25,KG,1.99,7.96,€
5700,5020477,frutas-e-legumes,Beterraba Ripada,0.2,KG,1.59,7.95,€
5701,6998190,frutas-e-legumes,Mix com Frutos do Bosque,0.2,KG,2.99,14.95,€
5702,6317851,frutas-e-legumes,Kiwi Verde,0.5,KG,3.29,6.58,€
5703,3800325,frutas-e-legumes,Batata Especial Assar,1.0,KG,2.82,2.82,€
5704,6921727,frutas-e-legumes,Cogumelo Portobello,0.25,KG,2.09,8.36,€
5705,5003635,frutas-e-legumes,Sumo Maçã e Morango,0.75,LT,2.79,3.72,€
5706,7030204,frutas-e-legumes,Sementes de Linhaça,0.2,KG,0.99,4.95,€
5707,7571659,frutas-e-legumes,Azeitona Verde,0.21,KG,0.89,4.24,€
5708,4076639,frutas-e-legumes,Sopa Portuguesa,0.35,KG,1.19,3.40,€
5709,6627430,frutas-e-legumes,Sementes de Girassol Biológicas,0.2,KG,0.89,4.45,€
5710,5662697,frutas-e-legumes,Coentros Natura,0.03,KG,0.99,33.00,€
5711,5965614,frutas-e-legumes,Sorvete de Açaí e Guaraná,0.16,LT,2.99,18.69,€
5731,3800767,frutas-e-legumes,Cebola Roxa,0.5,KG,1.78,3.56,€
5732,6921726,frutas-e-legumes,Cogumelo Shitake,0.2,KG,3.19,15.95,€
5733,3802134,frutas-e-legumes,Sopa Juliana,0.45,KG,1.49,3.31,€
5734,5790195,frutas-e-legumes,Salteado Crocante,0.5,KG,1.99,3.98,€
5735,7618292,frutas-e-legumes,Uva Branca sem Grainha,0.5,KG,3.99,7.98,€
5736,5435374,frutas-e-legumes,Tremoço Miúdo,1.5,KG,2.99,3.32,€
5737,7029189,frutas-e-legumes,Miolo de Castanha do Maranhão,0.125,KG,2.29,18.32,€
5738,7646498,frutas-e-legumes,Cabaz Pequeno de Frutas da Época,2.5,KG,12.99,5.20,€
5739,7571614,frutas-e-legumes,Azeitona Mista Retalhada,0.21,KG,1.89,9.00,€
5740,6998047,frutas-e-legumes,Milho Frito,0.25,KG,1.49,5.96,€
5741,4988869,frutas-e-legumes,Abóbora Hokaido Inteira,1.0,UN,3.29,3.29,€
5742,7382502,frutas-e-legumes,Pepino Biológico,0.5,KG,1.99,3.98,€
5743,7643282,frutas-e-legumes,Mistura de Frutas e Açaí com Sementes de Linhaça,0.45,KG,3.59,7.98,€
5744,7721453,frutas-e-legumes,Abacate,0.25,KG,2.39,9.56,€
5745,6625850,frutas-e-legumes,Sementes de Sésamo Biológicas,0.2,UN,1.29,6.45 ,€
5746,7589479,frutas-e-legumes,Kiwi Verde da Bairrada,0.7,KG,1.99,2.84,€
5747,7248117,frutas-e-legumes,Malagueta Vermelha,0.1,KG,1.49,14.90,€
5748,7237165,frutas-e-legumes,Mix Frutos Secos Gourmet,0.05,KG,0.99,19.80,€
5749,6998189,frutas-e-legumes,Miolo de Noz Pedaços,0.2,KG,2.49,12.45,€
5750,7571602,frutas-e-legumes,Azeitona Mista,0.21,KG,1.69,8.05,€
5751,7029082,frutas-e-legumes,Amendoim Torrado com Casca,1.0,KG,3.89,3.89,€
5768,6590648,frutas-e-legumes,Maçaroca de Milho Doce Cozido Biológico,0.4,KG,3.49,8.73,€
5769,6098884,frutas-e-legumes,Endívia,0.45,KG,2.99,6.64,€
5770,5844804,frutas-e-legumes,Couve Chinesa,0.75,UN,3.99,2.99,€
5771,7403956,frutas-e-legumes,Salteado Oriental,0.3,KG,1.99,6.63,€
5772,6433288,frutas-e-legumes,Mistura de Frutas Exóticas,0.45,KG,3.59,7.98,€
5773,6383759,frutas-e-legumes,Grelos de Nabo,0.7,KG,2.16,3.09,€
5774,7382507,frutas-e-legumes,Laranja Biológica,0.75,KG,1.79,2.39,€
5775,5003630,frutas-e-legumes,Sumo Manga e Laranja,0.75,LT,2.99,3.99,€
5776,7029153,frutas-e-legumes,Miolo de Amêndoa sem Pele,0.2,KG,2.99,14.95,€
5777,7718394,frutas-e-legumes,Mix Frutos do Bosque,0.27,KG,4.99,18.48,€
5778,7538624,frutas-e-legumes,Multipack Snack de Maçã Desidratada,8.0,KG,1.79,18.65,€
5779,4231102,frutas-e-legumes,Coentros Lavados,0.03,KG,0.99,33.00,€
5780,4987751,frutas-e-legumes,Cogumelo Marron,0.36,UN,5.99,0.36,€
5781,7030207,frutas-e-legumes,Miolo de Pinhão Culinária,0.05,KG,2.99,59.80,€
5782,6583784,frutas-e-legumes,Nabiça,0.7,KG,2.65,3.79,€
5783,6627432,frutas-e-legumes,Sementes de Abóbora Biológicas,0.2,KG,2.49,12.45,€
5784,7739417,frutas-e-legumes,Oregãos Secos,0.03,KG,1.49,49.67,€
5785,5816393,frutas-e-legumes,Sumo Maçã e Maracujá,0.75,LT,2.99,3.99,€
5786,4965285,frutas-e-legumes,Salada Selvagem,0.15,KG,1.99,13.27,€
5787,7390028,frutas-e-legumes,Mix Frutos Secos Puro Sabor,0.2,KG,3.19,15.95,€
5788,7030209,frutas-e-legumes,Mix Frutos Secos Mediterrânea com Sal,0.25,KG,1.49,5.96,€
5789,7324626,frutas-e-legumes,Salteado Italiano,0.4,KG,1.99,4.98,€
5790,4806754,frutas-e-legumes,Sementes de Chia,0.15,KG,2.29,15.27,€
5791,6968015,frutas-e-legumes,Maçã Vermelha de Alcobaça Desidratada,0.02,KG,0.89,44.50,€
5808,7056501,frutas-e-legumes,Ananás Semi-Desidratado,0.05,KG,1.19,23.80,€
5809,7571620,frutas-e-legumes,Azeitona Preta Oxidada,0.56,KG,2.89,5.16,€
5810,7432878,frutas-e-legumes,Kiwi Biológico,0.5,KG,3.49,6.98,€
5811,5810564,frutas-e-legumes,Mix de Aperitivos Temperados,0.4,KG,3.99,9.98,€
5812,7417510,frutas-e-legumes,Couve Kale Biológica,0.3,KG,1.79,5.97,€
5813,7400559,frutas-e-legumes,Edamame,0.135,KG,2.59,19.19,€
5814,7458030,frutas-e-legumes,Couve Coração Biológica,0.7,KG,2.99,4.27,€
5815,7576693,frutas-e-legumes,Salada Gourmet 8 Variedades Diferentes,0.1,KG,2.49,24.90,€
5816,7029085,frutas-e-legumes,Miolo de Amêndoa Palitada,0.2,KG,2.59,12.95,€
5817,5790229,frutas-e-legumes,Mix de Legumes com Kale,0.4,KG,1.99,4.98,€
5818,7029262,frutas-e-legumes,Miolo de Amendoim com Piripiri,0.2,KG,1.39,6.95,€
5819,6967782,frutas-e-legumes,Pera Rocha Desidratada,0.02,KG,0.89,44.50,€
5820,7029889,frutas-e-legumes,Sultana Clara,0.2,KG,1.59,7.95,€
5821,6383772,frutas-e-legumes,Grelo Couve,0.7,KG,2.16,3.09,€
5822,7199158,frutas-e-legumes,Couve Branca Ripada,0.2,KG,1.29,6.45 ,€
5823,7559238,frutas-e-legumes,Cogumelo Branco Biológico,0.2,KG,1.99,9.95,€
5824,7571596,frutas-e-legumes,Azeitona Galega,0.21,KG,2.29,10.90,€
5825,5411434,frutas-e-legumes,Batata Branca Nacional,0.12,UN,1.87,0.22,€
5826,6393009,frutas-e-legumes,Sorvete de Açaí com Stevia,0.16,LT,3.19,19.94,€
5827,5727202,frutas-e-legumes,Sumo Laranja Natural,0.5,LT,1.69,3.38,€
5829,7571576,frutas-e-legumes,Azeitona Verde Gordal,0.56,KG,3.49,6.23,€
5830,7696352,frutas-e-legumes,Aipo Biológico,0.35,KG,2.49,7.11,€
5831,7226470,frutas-e-legumes,Miolo de Noz,0.05,KG,0.99,19.80,€
5848,5129567,frutas-e-legumes,Maçã Vermelha Desidratada,0.06,KG,1.99,33.17,€
5849,6863806,frutas-e-legumes,Morango Desidratado com Chocolate de Leite,0.025,KG,1.19,47.60,€
5850,7320080,frutas-e-legumes,Alho Seco Descascado,0.1,KG,1.19,11.90,€
5851,3842699,frutas-e-legumes,Tomilho,0.02,KG,1.69,84.50,€
5852,3799842,frutas-e-legumes,Sopa Alho Francês com Cenoura,0.35,KG,1.68,4.80,€
5853,6627437,frutas-e-legumes,Sementes de Canhâmo Biológicas,0.15,KG,4.69,31.27,€
5854,6998107,frutas-e-legumes,Miolo de Caju com Piripiri,0.2,KG,3.19,15.95,€
5855,6967808,frutas-e-legumes,Maçã Vermelha e Verde Desidratada,0.02,KG,0.89,44.50,€
5856,6901676,frutas-e-legumes,"Sumo Maçã, Ananás, Framboesa, Romã e Açaí",0.25,LT,1.99,7.96,€
5857,7578262,frutas-e-legumes,Salada Rústica,0.4,KG,2.29,5.73,€
5858,7591763,frutas-e-legumes,"Mix Cogumelo Branco, Marron, Pleurotus e Shimeji",0.2,KG,2.99,14.95,€
5859,4228629,frutas-e-legumes,Sementes de Linhaça Dourada,0.25,KG,1.49,5.96,€
5860,6968006,frutas-e-legumes,Maçã Verde de Alcobaça Desidratada,0.02,KG,0.89,44.50,€
5861,7268345,frutas-e-legumes,Tomate Kumato,0.4,UN,2.82,0.56,€
5862,7616127,frutas-e-legumes,Dips Cenoura,0.12,KG,1.4,11.67,€
5863,7029866,frutas-e-legumes,Banana Frita às Rodelas,0.25,KG,2.39,9.56,€
5864,7381717,frutas-e-legumes,Mix Frutos Secos Sport Pack Poupança,4.0,KG,2.99,14.95,€
5865,7589527,frutas-e-legumes,Amendoim Frito com Sal,1.0,KG,3.49,3.49,€
5866,7302004,frutas-e-legumes,Physalis,0.1,KG,1.49,14.90,€
5867,6664840,frutas-e-legumes,Mini Pimento Doce,0.2,KG,2.19,10.95,€
5868,4159366,frutas-e-legumes,Salada Ibérica Biológica,0.1,KG,2.49,24.90,€
5869,7029252,frutas-e-legumes,Mix Frutos Secos Puro Prazer,0.2,KG,3.29,16.45,€
5870,7589483,frutas-e-legumes,Miolo de Amêndoa com Pele,1.0,KG,8.99,8.99,€
5871,7740245,frutas-e-legumes,Couve Brócolo Resíduo Zero,0.35,UN,3.48,1.22,€
5888,6421031,frutas-e-legumes,Salada Formosa,0.15,KG,1.99,13.27,€
5889,7184113,frutas-e-legumes,Caju Biológico,0.15,KG,2.99,19.93,€
5890,6901671,frutas-e-legumes,"Sumo Maçã, Morango e Tomilho-Limão",0.25,LT,1.69,6.76,€
5891,7237246,frutas-e-legumes,Mix Frutos Secos Atividade,0.05,KG,0.99,19.80,€
5892,6775006,frutas-e-legumes,Amoras,0.5,KG,3.99,7.98,€
5893,7184190,frutas-e-legumes,Amêndoa com Pele Biológica,0.15,KG,2.49,16.60,€
5894,6411634,frutas-e-legumes,Maçã Desidratada com Canela,0.02,KG,0.99,49.50,€
5895,7029223,frutas-e-legumes,Macadâmias ao Natural,0.125,KG,3.99,31.92,€
5896,7205701,frutas-e-legumes,Pedaços de Caju,0.2,KG,1.99,9.95,€
5897,2964847,frutas-e-legumes,Sementes de Girassol Biológicas,0.2,KG,0.99,4.95,€
5898,7240075,frutas-e-legumes,Trio de Malaguetas,0.1,KG,1.39,13.90,€
5899,7029868,frutas-e-legumes,Gengibre Desidratado,0.2,KG,2.59,12.95,€
5900,7377398,frutas-e-legumes,Creme Batata Doce e Espinafres,0.45,KG,2.06,4.58,€
5901,7055302,frutas-e-legumes,"Fusilli com Legumes, Molho de Tomate e Frango",0.32,KG,3.99,12.47,€
5902,5778152,frutas-e-legumes,Rúcula Selvagem Biológica,0.07,KG,2.49,35.57,€
5903,7449598,frutas-e-legumes,Azeitona Siciliana,0.15,KG,2.99,19.93,€
5904,7639808,frutas-e-legumes,Azeitona Preta Descaroçada Oxidada,0.37,KG,1.71,10.69,€
5906,6997969,frutas-e-legumes,Fava Frita com Sal,0.25,KG,1.59,6.36,€
5907,6901683,frutas-e-legumes,"Sumo Maçã, Pepino, Espinafres, Aipo Limão e Gengibre",0.75,LT,3.99,5.32,€
5908,7324624,frutas-e-legumes,Salteado Premium,0.3,KG,1.99,6.63,€
5909,4228839,frutas-e-legumes,Sementes de Sésamo,0.2,KG,1.89,9.45,€
5910,7029251,frutas-e-legumes,Mix Caju Cru e Arandos,0.2,KG,2.99,14.95,€
5911,4506514,frutas-e-legumes,Tomate Raf,0.6,UN,2.82,0.85,€
5929,7559257,frutas-e-legumes,Cogumelo Shitake Biológico,0.115,KG,1.99,17.30,€
5930,7620687,frutas-e-legumes,Salada Crocante,0.25,KG,1.99,7.96,€
5931,7029091,frutas-e-legumes,Miolo de Amêndoa Moída,0.2,KG,3.19,15.95,€
5932,7137196,frutas-e-legumes,Coco Fresco,0.75,KG,1.89,2.52,€
5933,2597375,frutas-e-legumes,Pimento Misto Tiras,0.26,KG,3.99,15.35,€
5934,5468867,frutas-e-legumes,Salada Aromática Bio,0.1,KG,2.49,24.90,€
5935,6997962,frutas-e-legumes,Ameixa Seca com Caroço,0.2,KG,1.49,7.45,€
5936,7463440,frutas-e-legumes,Pistácio Torrado com Casca e Sal Marinho,0.2,KG,3.99,19.95,€
5937,2627379,frutas-e-legumes,Louro Biológico,0.05,KG,1.29,25.80,€
5938,4714200,frutas-e-legumes,Amendoim Tostado no Forno com Sal e Mel,0.15,KG,1.81,12.07,€
5939,7681302,frutas-e-legumes,Tomate Chocmato,0.5,UN,2.82,0.71,€
5940,7275982,frutas-e-legumes,Amêndoa com Pele,0.05,KG,0.99,19.80,€
5941,7619998,frutas-e-legumes,Dips Pepino,0.12,KG,1.49,12.42,€
5943,4994630,frutas-e-legumes,Azeitona Verde com Queijo,0.15,KG,3.99,26.60,€
5944,7449613,frutas-e-legumes,Azeitona Abruzo,0.15,KG,2.99,19.93,€
5945,7589563,frutas-e-legumes,Miolo de Caju Cru,1.0,KG,12.99,12.99,€
5946,5603707,frutas-e-legumes,Sumo Laranja 100%,0.25,LT,1.29,5.16,€
5947,7184183,frutas-e-legumes,Amêndoa Tostada sem Pele Biológica,0.15,KG,3.99,26.60,€
5948,4297837,frutas-e-legumes,Caju no Forno,0.17,KG,3.24,19.06,€
5949,7449588,frutas-e-legumes,Azeitona Napolitana,0.15,KG,2.99,19.93,€
5950,5029282,frutas-e-legumes,Curgete Redonda,0.4,UN,2.34,0.94,€
5951,7571671,frutas-e-legumes,Azeitona Verde Retalhada com Ervas,0.21,KG,1.99,9.48,€
5968,5884092,frutas-e-legumes,Sumo Laranja Natural,0.25,LT,0.99,3.96,€
5969,5937565,frutas-e-legumes,Cocktail no Forno,0.095,KG,1.81,19.05,€
5970,3842663,frutas-e-legumes,Louro,0.02,KG,1.19,59.50,€
5971,7559120,frutas-e-legumes,Maça Desidratada e Amendoim,0.1,KG,2.25,22.50,€
5972,7559115,frutas-e-legumes,"Mix Maça, Abacaxi e Coco Desidratados",0.06,KG,2.25,37.50,€
5973,7634883,frutas-e-legumes,Edamame & Choco,0.025,KG,1.29,51.60,€
5974,7445579,frutas-e-legumes,Mix Caju e Arandos Pack Poupança,4.0,KG,2.99,14.95,€
5975,7476468,frutas-e-legumes,Amendoim Frito com Mel e Sal Pack Poupança,5.0,KG,2.99,11.96,€
5976,7559241,frutas-e-legumes,Cogumelo Marron Biológico,0.15,KG,1.99,13.27,€
5977,7627182,frutas-e-legumes,Coco Desidratado com Cacau e Flor de Sal,0.03,KG,0.99,33.00,€
5978,7578214,frutas-e-legumes,Salada Toscana,0.25,KG,1.99,7.96,€
5979,5603715,frutas-e-legumes,"Sumo Maçã, Laranja e Pêssego",0.25,KG,1.59,6.36,€
5980,3842658,frutas-e-legumes,Funcho Rama,0.02,KG,1.59,79.50,€
5981,7051650,frutas-e-legumes,Noz Nacional com Casca,0.5,UN,4.99,2.50,€
5982,7571612,frutas-e-legumes,Azeitona Mista Negrinha,0.21,KG,2.99,14.24,€
5983,7594144,frutas-e-legumes,Mirtilos,0.3,KG,4.99,16.63,€
5984,4770176,frutas-e-legumes,Beringela Raiada Roxa,0.33,UN,3.99,1.32,€
5985,7589081,frutas-e-legumes,Azeitona Mista Retalhada,0.21,KG,1.68,8.00,€
5986,7476195,frutas-e-legumes,Tomate Mini Kumato,0.25,KG,1.87,7.48,€
5987,5414332,frutas-e-legumes,Molho Vinagrete,0.2,LT,1.99,9.95,€
5988,7634889,frutas-e-legumes,Nuts Mix + Edamame,0.025,KG,1.29,51.60,€
5989,7463615,frutas-e-legumes,Alperce Extra,0.25,KG,4.99,19.96,€
5990,7595507,frutas-e-legumes,Mix Saladas Rosa,0.15,KG,1.99,15.92,€
5991,7623539,frutas-e-legumes,Salada de Frango com Paprica,0.223,KG,3.69,16.55,€
6008,7625008,frutas-e-legumes,Sementes de Chia Biológicas,0.15,KG,2.99,19.93,€
6009,2628176,frutas-e-legumes,Hortelã Biológica,0.05,KG,1.29,25.80,€
6010,7463436,frutas-e-legumes,Caju Frito com Mel e Sal,0.2,KG,4.99,24.95,€
6011,7463422,frutas-e-legumes,Miolo de Amêndoa Torrada com Pele,0.2,KG,4.99,24.95,€
6012,4228831,frutas-e-legumes,Sementes de Girassol,0.15,KG,1.39,9.27,€
6014,7739431,frutas-e-legumes,Tomilho Seco,0.05,KG,2.19,43.80,€
6015,7327978,frutas-e-legumes,"Mix de Amêndoas, Noz, Caju e Arandos Biológico",0.15,KG,2.99,19.93,€
6016,7365961,frutas-e-legumes,Cogumelo Eringi Baby,0.2,KG,3.99,19.95,€
6017,7068489,frutas-e-legumes,Limonada de Manjericão,0.25,UN,1.69,1.69,€
6018,4273616,frutas-e-legumes,Sementes de Abóbora,0.15,KG,2.29,15.27,€
6019,7625592,frutas-e-legumes,Pistácio com Casca e Sal,0.15,KG,2.49,16.60,€
6020,7029260,frutas-e-legumes,Miolo de Amêndoa sem pele com Sal,0.2,KG,2.99,14.95,€
6021,7408271,frutas-e-legumes,Azeitona Verde Descaroçada,0.15,KG,3.99,26.60,€
6023,5562915,frutas-e-legumes,Mix Ervas Aromáticas para Grelhados,0.02,KG,1.59,79.50,€
6024,7576699,frutas-e-legumes,Salada Antiox,0.1,KG,1.99,19.90,€
6025,7382589,frutas-e-legumes,Pimento Biológico,0.3,KG,2.49,8.30,€
6026,7357121,frutas-e-legumes,Couve Flor Biológica,0.5,KG,2.99,5.98,€
6027,6996724,frutas-e-legumes,Amêndoa Caramelizada,0.2,KG,3.59,17.95,€
6028,5895763,frutas-e-legumes,Snack de Banana,0.125,KG,1.65,13.20,€
6029,7718441,frutas-e-legumes,Almôndegas de Cenoura,0.42,KG,9.99,23.79,€
6030,7739429,frutas-e-legumes,Alecrim Seco,0.05,KG,1.79,35.80,€
6031,6901670,frutas-e-legumes,"Sumo Laranja, Cenoura, Beterraba, Maçã e Limão",0.25,LT,1.99,7.96,€
6048,7634893,frutas-e-legumes,Rabanetes Crocantes e Cogumelos Desidratados,0.025,KG,1.99,99.50,€
6049,6108775,frutas-e-legumes,Cebolinha Francesa,0.5,KG,2.25,4.50,€
6050,6901684,frutas-e-legumes,"Sumo Laranja, Cenoura, Beterraba, Maçã e Limão",0.75,UN,3.99,3.99,€
6051,2087780,frutas-e-legumes,Pera Nashi,0.58,UN,5.65,1.64,€
6052,6530414,frutas-e-legumes,Sementes de Cânhamo Biológico,0.1,KG,3.29,32.90,€
6053,7625587,frutas-e-legumes,Miolo de Caju,0.2,KG,2.99,14.95,€
6054,7739426,frutas-e-legumes,Louro Seco,0.02,KG,1.19,59.50,€
6055,6002845,frutas-e-legumes,Tomates Secos com Alho,0.09,KG,4.99,55.44,€
6056,7706687,frutas-e-legumes,Amêndoa Natural em Miolo,0.14,KG,3.19,22.79,€
6057,5821125,frutas-e-legumes,Cebola Frita,0.07,KG,1.79,25.57,€
6058,7400565,frutas-e-legumes,Sumo Melancia Hortelã,0.75,LT,4.59,6.12,€
6059,7718438,frutas-e-legumes,Almôndegas de Cogumelos,0.42,KG,9.99,23.79,€
6060,7595509,frutas-e-legumes,Mix Saladas Roxo,0.2,KG,1.99,9.95,€
6061,3842647,frutas-e-legumes,Erva Príncipe,0.02,KG,1.59,79.50,€
6062,7625588,frutas-e-legumes,Mix Premium com Sal,0.2,KG,2.99,14.95,€
6063,7718435,frutas-e-legumes,Almôndegas de Beterraba,0.42,KG,9.99,23.79,€
6064,7625560,frutas-e-legumes,Miolo de Noz Metades,0.15,KG,2.19,14.60,€
6065,7327981,frutas-e-legumes,"Mix Amêndoa, Avelã e Passas Biológico",0.15,KG,2.99,19.93,€
6066,7706716,frutas-e-legumes,Amêndoa com Alecrim e Sal Gourmet,0.14,KG,4.99,35.64,€
6067,7472936,frutas-e-legumes,Algas Alface do Mar Biológicas,0.03,KG,3.99,133.00,€
6068,7472965,frutas-e-legumes,Algas Esparguete do Mar Biológicas,0.03,KG,3.99,133.00,€
6069,7371139,frutas-e-legumes,Sumo Manga Natural,0.5,LT,3.99,7.98,€
6070,7472966,frutas-e-legumes,Algas Wakame Biológicas,0.03,KG,3.99,133.00,€
6071,7589067,frutas-e-legumes,Azeitona Selecionada DOP,0.2,KG,1.79,8.95,€
6072,4863937,bio-e-escolhas-alimentares,Queijo Flamengo Light Fatiado,2.0,KG,3.99,9.97,€
6073,6579062,bio-e-escolhas-alimentares,Queijo Mini Light,12.0,KG,4.33,18.04,€
6074,3788575,bio-e-escolhas-alimentares,Refrigerante com Gás Cola Zero,4.0,LT,4.75,1.19,€
6075,7199032,bio-e-escolhas-alimentares,Refrigerante com Gás Cola Zero,2.0,LT,3.4,0.97,€
6076,7453999,bio-e-escolhas-alimentares,Ovos Ar Livre,6.0,DOZ,2.25,4.50,€
6078,4863925,bio-e-escolhas-alimentares,Queijo Flamengo Light Fatiado,2.0,KG,4.8,12.00,€
6080,5971304,bio-e-escolhas-alimentares,Cogumelos Laminados sem Glúten,3.0,KG,2.25,7.14,€
6081,4781831,bio-e-escolhas-alimentares,Queijo Flamengo Light Fatiado,2.0,KG,4.23,9.40,€
6082,2003596,bio-e-escolhas-alimentares,Grão de Bico Cozido sem Glúten,0.41,KG,0.99,4.23,€
6084,3003826,bio-e-escolhas-alimentares,Cogumelos Laminados sem Glúten,0.355,KG,1.19,6.43,€
6086,2003591,bio-e-escolhas-alimentares,Grão de Bico Cozido sem Glúten,0.845,KG,1.99,4.25,€
6087,2384483,bio-e-escolhas-alimentares,Milho Doce sem Glúten,3.0,KG,3.99,9.50,€
6089,6498858,bio-e-escolhas-alimentares,Salsichas de Aves Lata 8 un sem Glúten,0.35,KG,1.09,5.45,€
6090,4913540,bio-e-escolhas-alimentares,Néctar Manga e Laranja com Stevia,3.0,LT,1.69,2.82,€
6091,5305646,bio-e-escolhas-alimentares,Total Whey Baunilha,1.0,KG,39.99,39.99,€
6092,4159363,bio-e-escolhas-alimentares,Espinafre Biológico,0.15,KG,2.16,14.40,€
6093,7465846,bio-e-escolhas-alimentares,Mirtilo Biológico,0.125,KG,1.99,15.92,€
6094,7408600,bio-e-escolhas-alimentares,Iogurte Líquido Magro Morango,1.24,KG,3.01,2.43,€
6095,5830731,bio-e-escolhas-alimentares,Iogurte Líquido Morango e Banana sem Lactose,0.64,KG,2.16,3.38,€
6096,7382406,bio-e-escolhas-alimentares,Cenoura Biológica,0.5,KG,0.99,1.98,€
6097,5508727,bio-e-escolhas-alimentares,Salsichas Bockwurst Frasco 5 un sem Glúten,0.38,KG,2.99,11.96,€
6098,7143280,bio-e-escolhas-alimentares,Hambúrguer de Frango sem Glúten,1.08,KG,13.99,12.95,€
6099,6230319,bio-e-escolhas-alimentares,Iogurte Líquido Bifidus Magro Lima e Limão,0.62,KG,1.88,3.03,€
6100,7095568,bio-e-escolhas-alimentares,Queijo Fresco sem Lactose,4.0,KG,2.16,8.64,€
6101,4422019,bio-e-escolhas-alimentares,Leite Meio Gordo sem Lactose,4.0,LT,1.97,2.46,€
6102,6230313,bio-e-escolhas-alimentares,Iogurte Líquido Bifidus Magro Pêssego e Maracujá,0.62,KG,1.88,3.03,€
6103,7382396,bio-e-escolhas-alimentares,Cebola Biológica,0.75,KG,1.79,2.39,€
6104,4943167,bio-e-escolhas-alimentares,Queijo Flamengo Light Fatiado,0.2,KG,2.63,13.15,€
6105,5060932,bio-e-escolhas-alimentares,Tortellini Fresco de Ricotta e Espinafres,0.25,KG,3.79,15.16,€
6106,7497341,bio-e-escolhas-alimentares,Iogurte Líquido Magro Defesas Natural,1.2,KG,4.42,3.68,€
6107,7380497,bio-e-escolhas-alimentares,Curgete Biológica,0.5,KG,1.39,2.78,€
6108,6109871,bio-e-escolhas-alimentares,Iogurte Líquido Magro Ananás e Coco,0.62,KG,1.78,2.87,€
6110,5181067,bio-e-escolhas-alimentares,Bolachas Marinheiras com Chia,0.2,KG,2.14,10.70,€
6111,2433639,bio-e-escolhas-alimentares,Grão de Bico Cozido sem Glúten,0.54,KG,0.89,2.23,€
6112,3711419,bio-e-escolhas-alimentares,Bolachas Crackers com Sal,0.56,KG,3.19,5.70,€
6113,7434253,bio-e-escolhas-alimentares,Cogumelos Laminados sem Glúten,0.355,KG,1.09,5.89,€
6114,6432839,bio-e-escolhas-alimentares,Milho Doce sem Glúten,3.0,KG,1.89,4.50,€
6115,7329390,bio-e-escolhas-alimentares,Queijo sem Lactose Light Fatiado,2.0,KG,4.14,13.80,€
6117,6355315,bio-e-escolhas-alimentares,Queijo Fresco de Vaca Longa Duração Light,4.0,KG,2.53,10.12,€
6118,5500158,bio-e-escolhas-alimentares,Salsichas de Peru Cuida-t+ Frasco 4 un sem Glúten,0.43,KG,2.99,14.24,€
6119,5889419,bio-e-escolhas-alimentares,Iogurte Líquido Magro Limão,0.64,KG,1.31,2.05,€
6120,4080912,bio-e-escolhas-alimentares,Cogumelos Laminados sem Glúten,0.29,KG,1.19,7.68,€
6121,2987708,bio-e-escolhas-alimentares,Queijo Flamengo Light Fatiado,0.2,KG,2.63,13.15,€
6124,4905741,bio-e-escolhas-alimentares,Puré de Batata sem Glúten,0.25,KG,2.99,11.96,€
6125,2965775,bio-e-escolhas-alimentares,Grão de Bico Cozido sem Glúten,0.41,KG,1.29,4.96,€
6126,5929327,bio-e-escolhas-alimentares,Iogurte Líquido Magro Frutos Vermelhos,0.64,KG,1.31,2.05,€
6127,2966019,bio-e-escolhas-alimentares,Grão de Bico Cozido sem Glúten,0.56,KG,1.99,4.98,€
6128,7141459,bio-e-escolhas-alimentares,Iogurte Líquido Ananás e Coco sem Açúcar,0.64,KG,1.31,2.05,€
6129,6109872,bio-e-escolhas-alimentares,Iogurte Líquido Magro Morango e Kiwi,0.62,KG,1.78,2.87,€
6130,5830741,bio-e-escolhas-alimentares,Iogurte Líquido Morango sem Lactose,0.64,KG,2.16,3.38,€
6131,5539467,bio-e-escolhas-alimentares,Yofu Soja Pedaços Framboesa e Amora,0.5,KG,2.82,5.64,€
6132,4154145,bio-e-escolhas-alimentares,Leite Achocolatado sem Lactose,4.0,LT,2.34,2.93,€
6133,2965860,bio-e-escolhas-alimentares,Grão de Bico Cozido sem Glúten,0.82,KG,2.39,4.60,€
6135,7682172,bio-e-escolhas-alimentares,Iogurte Líquido Magro Morango e Banana,0.64,KG,1.31,2.05,€
6136,6109864,bio-e-escolhas-alimentares,Iogurte Líquido Magro Morango e Framboesa,0.62,KG,1.78,2.87,€
6137,3906059,bio-e-escolhas-alimentares,Yofu Soja Pedaços Mirtilo,0.5,KG,2.82,5.64,€
6138,7682087,bio-e-escolhas-alimentares,Iogurte Líquido Magro Maçã e Pera,0.64,KG,1.31,2.05,€
6139,4431793,bio-e-escolhas-alimentares,Yofu Soja Pedaços Pêssego e Frutos Exóticos,0.5,KG,2.82,5.64,€
6140,2168400,bio-e-escolhas-alimentares,Salsichas Alemãs Bockwurst Frasco 6 un sem Glúten,0.38,KG,3.59,19.94,€
6141,5305656,bio-e-escolhas-alimentares,Total Whey Chocolate,1.0,KG,39.99,39.99,€
6143,7382563,bio-e-escolhas-alimentares,Tomate Cacho Biológico,0.5,KG,2.29,4.58,€
6144,4956901,bio-e-escolhas-alimentares,Tomate Mini Biológico,0.25,KG,1.19,4.76,€
6146,3003821,bio-e-escolhas-alimentares,Cogumelos Inteiros sem Glúten,0.355,KG,1.25,6.76,€
6148,7408599,bio-e-escolhas-alimentares,Iogurte Líquido Magro Frutos Tropicais,0.62,KG,1.78,2.87,€
6149,4953677,bio-e-escolhas-alimentares,Yofu Soja Mix Polpa,0.5,KG,2.82,5.64,€
6150,5344058,bio-e-escolhas-alimentares,Total Whey Morango,1.0,KG,39.99,39.99,€
6151,2038022,bio-e-escolhas-alimentares,Pastilhas Elásticas Spearmint,4.0,KG,2.79,49.82,€
6152,7411371,bio-e-escolhas-alimentares,Iogurte Líquido Bifidus Magro Frutos Silvestres,1.24,KG,3.76,3.03,€
6153,3714329,bio-e-escolhas-alimentares,Bolachas Cracker Sabor Original,0.3,KG,2.99,9.97,€
6154,4951641,bio-e-escolhas-alimentares,Bolachas Mini Dinossauros Cereais,0.12,KG,0.99,8.25,€
6155,6230308,bio-e-escolhas-alimentares,Iogurte Líquido Bifidus Magro Morango e Kiwi,0.62,KG,1.88,3.03,€
6156,5508817,bio-e-escolhas-alimentares,Salsichas Hot Dog Frasco 6 un sem Glúten,0.54,KG,3.49,11.63,€
6157,7094871,bio-e-escolhas-alimentares,Pastilhas Elásticas Oral-B Peppermint,3.0,KG,3.39,66.47,€
6159,7143239,bio-e-escolhas-alimentares,Hambúrgueres sem Glúten,1.44,KG,13.99,9.72,€
6161,4773581,bio-e-escolhas-alimentares,Bolachas Crackers sem Sal na Superfície,0.5,KG,1.89,3.78,€
6162,5762459,bio-e-escolhas-alimentares,Bolachas Torradas,0.2,KG,1.19,5.95,€
6163,6230314,bio-e-escolhas-alimentares,Iogurte Líquido Bifidus Magro Frutos Silvestres,0.62,KG,1.88,3.03,€
6164,7382588,bio-e-escolhas-alimentares,Alho Francês Biológico,0.4,KG,1.99,4.98,€
6165,5590144,bio-e-escolhas-alimentares,Filete Atum em Azeite Biológico,0.12,KG,2.72,34.87,€
6166,6409881,bio-e-escolhas-alimentares,Queijo Creme Light para Barrar Familiar,0.27,KG,3.19,11.81,€
6167,7482697,bio-e-escolhas-alimentares,Suplemento Péptidos de Colagénio Sabor Neutro sem Glúten,0.567,KG,41.99,74.06,€
6168,4769948,bio-e-escolhas-alimentares,Bolachas Digestivas de Aveia,0.171,KG,1.99,11.64,€
6169,7420248,bio-e-escolhas-alimentares,Iogurte Líquido Frutos Tropicais sem Lactose,0.64,KG,2.16,3.38,€
6170,7411102,bio-e-escolhas-alimentares,Mostarda Top Down,0.23,KG,2.09,9.09,€
6171,6934229,bio-e-escolhas-alimentares,Bolachas Mini Marinheiras de Chia,0.05,KG,0.89,17.80,€
6172,5136545,bio-e-escolhas-alimentares,Queijo Fresco sem Lactose,2.0,KG,1.31,10.48,€
6173,7486941,bio-e-escolhas-alimentares,Alho Seco Biológico,0.15,KG,0.99,6.60,€
6174,2003370,bio-e-escolhas-alimentares,Bolachas Cream Cracker,0.2,KG,0.79,3.95,€
6176,7167612,bio-e-escolhas-alimentares,Atum em Azeite Biológico,0.12,KG,1.97,25.26,€
6177,7021154,bio-e-escolhas-alimentares,Iogurte Líquido Morango e Banana sem Lactose,0.64,KG,1.4,2.19,€
6178,6091722,bio-e-escolhas-alimentares,Bolachas Marinheiras com Linhaça,0.2,KG,2.14,10.70,€
6179,7094869,bio-e-escolhas-alimentares,Pastilhas Elásticas Oral-B Spearmint,3.0,KG,3.39,66.47,€
6181,7382493,bio-e-escolhas-alimentares,Batata Biológica,1.0,KG,1.79,1.79,€
6182,5794442,bio-e-escolhas-alimentares,Iogurte Líquido Morango sem Lactose,0.64,KG,1.4,2.19,€
6183,2004886,bio-e-escolhas-alimentares,Bolachas Cream Cracker,0.125,KG,1.89,15.12,€
6184,2577634,bio-e-escolhas-alimentares,Banana Biológica,1.15,UN,1.68,1.93,€
6186,6372252,bio-e-escolhas-alimentares,Queijo Fundido Light Palitos,0.14,KG,1.87,13.36,€
6187,6590077,bio-e-escolhas-alimentares,Leite UHT Magro Selecionado Leve,3.0,LT,1.35,2.25,€
6188,7461472,bio-e-escolhas-alimentares,Iogurte Bifidus Pedaços Magro Ananás,0.48,KG,1.78,3.71,€
6189,5977123,bio-e-escolhas-alimentares,Cogumelos Inteiros sem Glúten,3.0,KG,2.59,8.22,€
6190,6934233,bio-e-escolhas-alimentares,Bolachas Mini Marinheiras Naturais,0.05,KG,0.89,17.80,€
6192,5110862,bio-e-escolhas-alimentares,Bolachas Cream Crackers Original,0.2,KG,1.49,7.45,€
6193,2308516,bio-e-escolhas-alimentares,Cereais Special K,0.75,KG,4.59,6.12,€
6194,5026334,bio-e-escolhas-alimentares,Pastilhas Elásticas 60 Minutos Spearmint,3.0,KG,2.79,46.50,€
6195,6297370,bio-e-escolhas-alimentares,Pastilhas Elásticas Senses Melancia,3.0,KG,1.39,20.14,€
6196,7183110,bio-e-escolhas-alimentares,Tortitas de Milho Mini sem Glúten,0.2,KG,1.99,9.95,€
6197,5885218,bio-e-escolhas-alimentares,Tofu Basílico Biológico,0.2,KG,3.95,19.75,€
6198,7466560,bio-e-escolhas-alimentares,Grão Bico Cozido sem Glúten,0.54,KG,0.89,2.23,€
6199,7406212,bio-e-escolhas-alimentares,Iogurte Aroma Multifrutos sem Lactose,0.48,KG,1.78,3.71,€
6200,2915648,bio-e-escolhas-alimentares,Queijo Mini Light,6.0,KG,1.96,16.33,€
6201,6404015,bio-e-escolhas-alimentares,Iogurte Bifidus Cremoso Magro Frutos Silvestres,0.48,KG,1.87,3.90,€
6202,4097420,bio-e-escolhas-alimentares,Ketchup Top Down sem Glúten,0.7,KG,3.93,5.61,€
6203,4951644,bio-e-escolhas-alimentares,Bolachas Mini Dinossauros Chocolate,0.12,KG,0.99,8.25,€
6204,5571255,bio-e-escolhas-alimentares,Maionese Top Down sem Glúten,0.412,KG,3.14,7.62,€
6205,7308009,bio-e-escolhas-alimentares,Fiambre Peito de Peru Baixo teor de Sal,0.15,KG,2.59,17.27,€
6206,4940520,bio-e-escolhas-alimentares,Bolachas Marinheiras com Sal,0.2,KG,2.14,10.70,€
6207,5807845,bio-e-escolhas-alimentares,Salmão Fumado da Noruega Eco Biológico,0.08,KG,7.99,99.88,€
6209,3748703,bio-e-escolhas-alimentares,Bolachas Digestivas de Maçã,0.171,KG,1.99,11.64,€
6210,7382501,bio-e-escolhas-alimentares,Batata Doce Polpa Laranja Biológica,1.0,KG,1.89,1.89,€
6211,7475062,bio-e-escolhas-alimentares,Iogurte Líquido Magro Morango,1.0,KG,1.5,1.50,€
6212,7332667,bio-e-escolhas-alimentares,Cereais Estrelas de Mel Pack Poupança,1.0,KG,3.99,3.99,€
6213,7420247,bio-e-escolhas-alimentares,Iogurte Líquido Frutos Silvestres sem Lactose,0.64,KG,2.16,3.38,€
6214,7522374,bio-e-escolhas-alimentares,Iogurte Bifidus Pedaços Magro Pêssego,0.48,KG,1.78,3.71,€
6215,5709291,bio-e-escolhas-alimentares,Iogurte Líquido Magro Defesas Morango,0.6,KG,2.63,4.38,€
6216,7382645,bio-e-escolhas-alimentares,Feijão Verde Biológico,0.3,KG,3.49,11.63,€
6217,4773653,bio-e-escolhas-alimentares,Bolachas Crackers com Sal,0.5,KG,1.89,3.78,€
6219,5885209,bio-e-escolhas-alimentares,Tofu Rosso Biológico,0.2,KG,3.95,19.75,€
6220,5654137,bio-e-escolhas-alimentares,Bolachas Digestivas de Canela,0.171,KG,1.99,11.64,€
6221,7082810,bio-e-escolhas-alimentares,Cereais Pétalas de Chocolate Pack Poupança,1.0,KG,3.65,3.65,€
6222,2811690,bio-e-escolhas-alimentares,Bolachas Ositos com Mel,0.16,KG,2.19,13.69,€
6223,5543692,bio-e-escolhas-alimentares,Bolo Planetus com - 50% Açúcares,0.21,KG,2.19,10.43,€
6224,5890060,bio-e-escolhas-alimentares,Iogurte Líquido Magro Morango,0.64,KG,1.31,2.05,€
6225,4731366,bio-e-escolhas-alimentares,Ketchup Top Down sem Glúten,0.25,KG,1.87,7.48,€
6226,4402173,bio-e-escolhas-alimentares,Barras de Cereais Chocolate Negro e Amendoim,0.126,KG,1.29,10.32,€
6227,5026339,bio-e-escolhas-alimentares,Pastilhas Elásticas 60 Minutos Peppermint,3.0,KG,2.79,46.50,€
6228,2003604,bio-e-escolhas-alimentares,Ervilhas Cozidas sem Glúten,0.41,KG,0.99,4.23,€
6229,5468867,bio-e-escolhas-alimentares,Salada Aromática Bio,0.1,KG,2.49,24.90,€
6230,5716091,bio-e-escolhas-alimentares,Yofu Soja Baunilha,0.5,KG,2.82,5.64,€
6231,7629311,bio-e-escolhas-alimentares,Queijo Flamengo Light Fatiado,0.17,KG,1.97,11.59,€
6232,2868694,bio-e-escolhas-alimentares,Ervilhas e Cenouras sem Glúten,0.6,KG,3.89,9.97,€
6233,7740733,bio-e-escolhas-alimentares,Maçã Candine Biológica,0.5,KG,1.99,3.98,€
6234,2084051,bio-e-escolhas-alimentares,Cogumelos Laminados sem Glúten,0.29,KG,1.09,7.03,€
6235,4026570,bio-e-escolhas-alimentares,Molho Basílico em Vidro sem Glúten,0.4,KG,4.69,11.73,€
6236,6579628,bio-e-escolhas-alimentares,Azeite Virgem Extra,0.75,LT,6.35,8.47,€
6237,6616056,bio-e-escolhas-alimentares,Sementes de Chia Biológicas,0.15,KG,1.89,12.60,€
6238,7095384,bio-e-escolhas-alimentares,Grão de Bico Cozido sem Glúten,0.54,KG,2.99,5.54,€
6239,6588553,bio-e-escolhas-alimentares,Veggie Bowls Trigo Sarraceno e Brócolos,0.35,KG,2.99,8.54,€
6240,2925297,bio-e-escolhas-alimentares,Ketchup Top Down,0.46,KG,3.04,6.61,€
6241,6881097,bio-e-escolhas-alimentares,Yofu Soja Morango,0.5,KG,2.82,5.64,€
6242,7128711,bio-e-escolhas-alimentares,Iogurte Magro Aroma Manga e Framboesa,0.75,KG,1.12,1.49,€
6243,5832853,bio-e-escolhas-alimentares,Tortitas de Milho com 54% Chocolate sem Glúten,0.13,KG,1.59,12.23,€
6244,7355186,bio-e-escolhas-alimentares,Muesli Crunchy Frutos Secos Pack Poupança,1.0,KG,4.69,4.69,€
6245,6533354,bio-e-escolhas-alimentares,Bolachas Marinheiras com Azeite Virgem Extra,0.2,KG,2.49,12.45,€
6246,7029622,bio-e-escolhas-alimentares,Ervilhas sem Glúten,3.0,KG,3.99,9.50,€
6249,2060529,bio-e-escolhas-alimentares,Bolachas Maria,0.8,KG,2.89,4.82,€
6250,2950765,bio-e-escolhas-alimentares,Queijo Mozzarella Light,0.125,KG,1.87,14.96,€
6251,6297386,bio-e-escolhas-alimentares,Pastilhas Elásticas Senses Spearmint,3.0,KG,1.39,€20.14, 
6252,7559238,bio-e-escolhas-alimentares,Cogumelo Branco Biológico,0.2,KG,1.99,9.95,€
6253,2601427,bio-e-escolhas-alimentares,Bolachas Recheadas Choco Flakes,0.5,KG,2.99,5.98,€
6255,2627381,bio-e-escolhas-alimentares,Salsa Biológica,0.05,KG,1.29,25.80,€
6256,5884008,bio-e-escolhas-alimentares,Massa Penne Rigate sem Glúten,0.4,KG,2.91,7.28,€
6257,3733734,bio-e-escolhas-alimentares,Mostarda Original Frasco,0.19,KG,2.49,13.11,€
6258,5832855,bio-e-escolhas-alimentares,Tortitas de Arroz com 54% Chocolate sem Glúten,0.122,KG,1.59,13.03,€
6259,6751280,bio-e-escolhas-alimentares,Doce Morango,0.5,KG,6.64,13.28,€
6260,7360186,bio-e-escolhas-alimentares,Bolachas Pequeno Almoço Multicereais,0.3,KG,1.99,6.63,€
6261,5361587,bio-e-escolhas-alimentares,Bolachas Cream Cracker,0.2,KG,1.29,6.45,€
6262,3579611,bio-e-escolhas-alimentares,Leite UHT Magro,3.0,LT,1.11,1.85,€
6263,2604857,bio-e-escolhas-alimentares,Massa Instantânea Chinesa de Legumes,0.085,KG,0.83,9.76,€
6265,5046342,bio-e-escolhas-alimentares,Mostarda Top Down,0.25,KG,1.99,7.96,€
6266,6118068,bio-e-escolhas-alimentares,Rebuçados de Mel e Limão,4.0,KG,2.99,23.36,€
6267,6091726,bio-e-escolhas-alimentares,Bolachas Marinheiras com Espelta,0.2,KG,2.14,10.70,€
6269,6831238,bio-e-escolhas-alimentares,Massa Esparguete,0.5,KG,1.21,2.42,€
6270,2410843,bio-e-escolhas-alimentares,Doce Pêssego,0.284,KG,4.39,15.46,€
6271,6533341,bio-e-escolhas-alimentares,Bolachas Marinheiras com Chia,0.2,KG,2.49,12.45,€
6272,7068194,bio-e-escolhas-alimentares,Ice Tea Pêssego sem Açúcar,6.0,LT,1.19,0.99,€
6273,5436388,bio-e-escolhas-alimentares,Queijo Fresco de Cabra Atabafado Light,0.12,KG,2.5,20.83,€
6274,5810691,bio-e-escolhas-alimentares,Iogurte Aroma Morango sem Lactose,0.48,KG,0.93,1.94,€
6275,7366685,bio-e-escolhas-alimentares,Abacate Biológico,0.3,KG,1.99,6.63,€
6276,5877165,bio-e-escolhas-alimentares,Pastilhas Elásticas Max Splash Strawberry Lime,3.0,KG,2.79,46.50,€
6278,7122630,bio-e-escolhas-alimentares,Grão de Bico Cozido sem Glúten,0.38,KG,1.19,4.76,€
6279,7382311,bio-e-escolhas-alimentares,Limão Biológico,0.5,KG,1.49,2.98,€
6281,4878837,bio-e-escolhas-alimentares,Milho Doce sem Glúten,2.0,KG,3.39,12.11,€
6282,2839504,bio-e-escolhas-alimentares,Sobremesa Soja e Baunilha,0.5,KG,2.99,5.98,€
6283,7062997,bio-e-escolhas-alimentares,Leite UHT Magro,3.0,LT,0.89,1.48,€
6284,7634949,bio-e-escolhas-alimentares,Iogurte Líquido Ananás e Coco sem Lactose,0.64,KG,1.4,2.19,€
6285,4578004,bio-e-escolhas-alimentares,Bolachas com Chocolate Ronditas Diet Nature,0.186,KG,3.89,20.91,€
6286,7382494,bio-e-escolhas-alimentares,Cebola Roxa Biológica,0.5,KG,1.89,3.78,€
6287,6024190,bio-e-escolhas-alimentares,Refrigerante com Gás Cola Zero,4.0,LT,3.16,0.40,€
6288,4088709,bio-e-escolhas-alimentares,Bolachas Soft Cake de Laranja e Chocolate Negro,0.3,KG,1.59,5.30,€
6289,7622140,bio-e-escolhas-alimentares,Tomate Pelado Inteiro,0.4,KG,1.29,3.23,€
6290,5398734,bio-e-escolhas-alimentares,Ketchup Top Down sem Glúten,0.55,KG,4.99,9.07,€
6291,6588552,bio-e-escolhas-alimentares,Veggie Bowls de Quinoa e Abóbora,0.35,KG,2.99,8.54,€
6292,2002056,bio-e-escolhas-alimentares,Pickles sem Glúten,0.345,KG,1.49,8.28,€
6293,4989065,bio-e-escolhas-alimentares,Queijinhos Cremosos Light,0.28,KG,2.34,8.36,€
6294,6831230,bio-e-escolhas-alimentares,Massa Penne Rigate,0.5,KG,0.99,1.98,€
6295,2601432,bio-e-escolhas-alimentares,Bolachas com Pepitas Chocolate Diet Nature,0.125,KG,2.59,20.72,€
6296,6589989,bio-e-escolhas-alimentares,Queijo Parmigiano Reggiano Biológico,0.15,KG,6.59,43.93,€
6297,7634950,bio-e-escolhas-alimentares,Iogurte Líquido Manga e Papaia sem Açúcar,0.64,KG,1.68,2.63,€
6298,2604844,bio-e-escolhas-alimentares,Massa Instantânea Chinesa de Cogumelos,0.085,KG,0.83,9.76,€
6299,4349450,bio-e-escolhas-alimentares,Salsichas Oktoberfester Bockwurst Frasco 6 un sem Glúten,0.38,KG,3.99,19.95,€
6300,7405385,bio-e-escolhas-alimentares,Pudding Proteína Baunilha,0.15,KG,1.69,11.27,€
6301,3799485,bio-e-escolhas-alimentares,Rebuçados Citrus Mix,4.0,KG,2.99,23.36,€
6302,2348932,bio-e-escolhas-alimentares,Rebuçados Original,4.0,KG,2.99,23.36,€
6303,4773606,bio-e-escolhas-alimentares,Bolachas Crackers Integrais,0.5,KG,1.89,3.78,€
6304,3730857,bio-e-escolhas-alimentares,Caprichos do Mar sem Glúten,1.0,KG,5.64,5.64,€
6305,3719734,bio-e-escolhas-alimentares,Tortitas de Milho,0.13,KG,2.05,15.77,€
6306,7383327,bio-e-escolhas-alimentares,Bolachas Golden Mini Recheio de Creme,0.16,KG,1.69,10.56,€
6307,7477484,bio-e-escolhas-alimentares,Pudim +Proteína Caramelo,0.2,UN,1.19,5.95,€
6308,7621337,bio-e-escolhas-alimentares,Iogurte Líquido Magro Frutos Vermelhos sem Lactose,0.64,UN,1.4,2.19,€
6309,2700058,bio-e-escolhas-alimentares,Arroz Basmati Brajma Pronto a Comer sem Glúten,2.0,KG,1.55,6.20,€
6310,7458030,bio-e-escolhas-alimentares,Couve Coração Biológica,0.7,KG,2.99,4.27,€
6311,4322860,bio-e-escolhas-alimentares,Leite de Coco,0.2,LT,1.69,8.45,€
6312,7480603,bio-e-escolhas-alimentares,Salsichas Tipo Frankfurt Lata 8 un sem Glúten,0.35,KG,0.89,4.45,€
6313,7421842,bio-e-escolhas-alimentares,Snack para Bebé Flores de Lentilha e Milho +12M,0.02,KG,1.49,74.50,€
6314,4876377,bio-e-escolhas-alimentares,Galetes de Milho sem Sal Finíssimas sem Glúten,0.13,KG,1.39,10.69,€
6315,6627432,bio-e-escolhas-alimentares,Sementes de Abóbora Biológicas,0.2,KG,2.49,12.45,€
6316,6280307,bio-e-escolhas-alimentares,Manteiga Light com Sal sem Lactose,0.125,KG,1.68,13.44,€
6317,5361495,bio-e-escolhas-alimentares,Bolachas com Pepitas de Chocolate Energy Chiquilin,0.2,KG,2.84,14.20,€
6318,7389571,bio-e-escolhas-alimentares,Salmão Fumado 30% Menos Sal,0.08,KG,3.99,49.88,€
6319,5582225,bio-e-escolhas-alimentares,Queijo Edam sem Lactose Fatiado,0.15,KG,1.68,11.20,€
6320,5884021,bio-e-escolhas-alimentares,Massa Fusilli sem Glúten,0.4,KG,2.91,7.28,€
6321,5508744,bio-e-escolhas-alimentares,Salsichas Bockwurst Frasco 8 un sem Glúten,1.03,KG,5.99,8.32,€
6322,6404012,bio-e-escolhas-alimentares,Iogurte Bifidus Cremoso Magro Cocktail de Frutas,0.48,KG,1.87,3.90,€
6323,2539729,bio-e-escolhas-alimentares,Cereais Corn Flakes Milho Pack Poupança,1.0,KG,3.29,3.29,€
6324,6751322,bio-e-escolhas-alimentares,Doce Quatro Frutos,0.5,KG,6.64,13.28,€
6325,7375862,bio-e-escolhas-alimentares,Mel de Flores,0.35,KG,6.19,17.69,€
6326,6926220,bio-e-escolhas-alimentares,Fingers de Espinafres,0.284,KG,2.99,10.53,€
6327,6801804,bio-e-escolhas-alimentares,"Iogurte Magro Aroma Morango, Coco e Manga",0.96,KG,2.34,2.44,€
6328,7599431,bio-e-escolhas-alimentares,Iogurte Líquido +Proteína Morango,0.28,KG,1.12,4.00,€
6329,6278262,bio-e-escolhas-alimentares,Queijo sem Lactose Light Fatiado,0.15,KG,1.83,12.20,€
6330,7445624,bio-e-escolhas-alimentares,Leite UHT Meio Gordo sem Lactose,3.0,LT,1.24,2.07,€
6332,7634952,bio-e-escolhas-alimentares,Iogurte Líquido Framboesa e Kiwi sem Açúcar,0.64,KG,1.68,2.63,€
6333,7068200,bio-e-escolhas-alimentares,Ice Tea Mangasem Açúcar,6.0,LT,1.19,0.99,€
6335,2368307,bio-e-escolhas-alimentares,Cogumelos Laminados sem Glúten,0.185,KG,0.79,7.52,€
6336,4617647,bio-e-escolhas-alimentares,Massa de Pimentão sem Glúten,0.4,KG,1.59,3.98,€
6337,5320456,bio-e-escolhas-alimentares,Bolachas de Aveia,0.19,KG,1.69,8.89,€
6338,6244397,bio-e-escolhas-alimentares,Seitan,0.25,KG,2.65,10.60,€
6339,7365173,bio-e-escolhas-alimentares,Ice Tea Pêssego sem Açúcar,3.0,LT,1.5,2.50,€
6340,5810711,bio-e-escolhas-alimentares,Iogurte Natural Açucarado sem Lactose,0.48,KG,0.93,1.94,€
6341,6338236,bio-e-escolhas-alimentares,Bolachas Chocolate Chips,0.25,KG,3.44,13.76,€
6342,2839517,bio-e-escolhas-alimentares,Sobremesa Soja com Chocolate Puro com Cálcio,0.5,KG,2.99,5.98,€
6343,7380498,bio-e-escolhas-alimentares,Beringela Biológica,0.4,KG,2.49,6.23,€
6344,6980803,bio-e-escolhas-alimentares,Bolachas de Chocolate,0.3,KG,2.99,9.97,€
6345,5968600,bio-e-escolhas-alimentares,Tortitas de Milho com Sal sem Glúten,0.13,KG,0.79,6.08,€
6346,7430654,bio-e-escolhas-alimentares,Pastilhas Elásticas Oral-B Peppermint,0.068,KG,3.49,51.32,€
6347,7477482,bio-e-escolhas-alimentares,Pudim +Proteína Baunilha,0.2,KG,1.19,5.95,€
6348,7625842,bio-e-escolhas-alimentares,Iogurte Pedaços Magro Amora e Framboesa sem Açúcar,0.5,KG,1.59,3.18,€
6351,7588936,bio-e-escolhas-alimentares,Pudding Proteína Caramelo,0.15,KG,1.69,11.27,€
6352,5877162,bio-e-escolhas-alimentares,Pastilhas Elásticas Max Watermelon Frost,3.0,KG,2.79,46.50,€
6353,7070983,bio-e-escolhas-alimentares,Zero Diet Whey Baunilha,0.75,KG,34.99,46.65,€
6354,5529480,bio-e-escolhas-alimentares,Ketchup Hot Chili Top Down sem Glúten,0.46,KG,3.04,6.61,€
6355,4159366,bio-e-escolhas-alimentares,Salada Ibérica Biológica,0.1,KG,2.49,24.90,€
6357,7525588,bio-e-escolhas-alimentares,Yofu Soja Frutos Vermelhos Sem Açúcar,0.4,KG,2.82,7.05,€
6358,7465056,bio-e-escolhas-alimentares,Manteiga sem Lactose,0.25,KG,2.44,9.76,€
6359,7285459,bio-e-escolhas-alimentares,Maionese em Vidro sem Glúten,0.763,KG,5.38,7.05,€
6361,3047531,bio-e-escolhas-alimentares,Tofu Refrigerado Biológico,0.25,KG,2.25,9.00,€
6362,6591248,bio-e-escolhas-alimentares,Refrigerante com Gás Cola Zero,12.0,LT,6.24,3.47,€
6363,6818502,bio-e-escolhas-alimentares,Massa Fusilli,0.5,KG,1.21,2.42,€
6364,5803076,bio-e-escolhas-alimentares,Queijo Fresco Longa Duração Magro,3.0,KG,2.25,10.42,€
6365,4270325,bio-e-escolhas-alimentares,Yofu Soja Natural,0.5,KG,2.82,5.64,€
6366,2027104,bio-e-escolhas-alimentares,Salsichas Frankfurt Lata 6 un sem Glúten,0.25,KG,0.79,6.58,€
6368,7068189,bio-e-escolhas-alimentares,Ice Tea Limão sem Açúcar,6.0,LT,1.19,0.99,€
6369,7473120,bio-e-escolhas-alimentares,Snack para Bebé Cenoura +10M,0.04,KG,1.91,7.96,€
6370,7411094,bio-e-escolhas-alimentares,Pudim Proteína Avelã,0.2,KG,1.89,9.45,€
6371,6643595,bio-e-escolhas-alimentares,Bolachas Dinossauros,0.185,KG,1.49,8.05,€
6372,5574949,bio-e-escolhas-alimentares,Framboesa Biológica,0.125,KG,2.99,23.92,€
6373,6032682,bio-e-escolhas-alimentares,Salsichas de Tofu com Ervas Finas Frasco 5 un sem Glúten,0.36,KG,2.99,14.95,€
6374,7591767,bio-e-escolhas-alimentares,Iogurte Líquido Proteína Pêssego e Maracujá,0.3,KG,1.87,6.23,€
6375,5934458,bio-e-escolhas-alimentares,Doce Framboesa e Romã,0.284,KG,4.39,15.46,€
6376,7335986,bio-e-escolhas-alimentares,Bolachas Pequeno Almoço Aveia,0.3,KG,1.99,6.63,€
6377,6581744,bio-e-escolhas-alimentares,Infusão Camomila Saquetas,10.0,UN,0.99,0.10,€
6378,6801807,bio-e-escolhas-alimentares,"Iogurte Magro Aroma Morango, Kiwi, Banana e Pêssego",0.96,KG,2.34,2.44,€
6379,7184053,bio-e-escolhas-alimentares,Noz Metades Biológicas,0.1,KG,1.79,17.90,€
6380,6938893,bio-e-escolhas-alimentares,Pastilhas Elásticas White Spearmint,0.0825,KG,2.99,36.02,€
6381,4904007,bio-e-escolhas-alimentares,Queijo Flamengo Light Fatiado,0.225,KG,2.53,11.24,€
6382,6910224,bio-e-escolhas-alimentares,Cereais Pétalas de Chocolate,0.625,KG,2.39,3.82,€
6383,7393886,bio-e-escolhas-alimentares,Cereais Estrelitas Mel,0.75,KG,6.79,9.05,€
6384,5692006,bio-e-escolhas-alimentares,Ervilhas Cozidas sem Glúten,0.42,KG,0.79,3.04,€
6385,6404500,bio-e-escolhas-alimentares,Polpa Tomate,0.5,LT,3.99,7.98,€
6386,4405437,bio-e-escolhas-alimentares,Bolachas Digestivas Original,0.4,KG,2.89,7.23,€
6387,7180453,bio-e-escolhas-alimentares,Bolachas Wafer Baunilha Diet Nature,0.18,KG,2.44,13.56,€
6388,7432878,bio-e-escolhas-alimentares,Kiwi Biológico,0.5,KG,3.49,6.98,€
6389,7490244,bio-e-escolhas-alimentares,Queijo Flamengo sem Lactose Fatiado,0.15,KG,1.26,8.40,€
6390,3643622,bio-e-escolhas-alimentares,Arroz Integral Pronto a Comer sem Glúten,2.0,KG,1.45,5.80,€
6391,4807622,bio-e-escolhas-alimentares,Crackies de Milho sem Sal sem Glúten,0.13,KG,1.59,12.23,€
6392,7184190,bio-e-escolhas-alimentares,Amêndoa com Pele Biológica,0.15,KG,2.49,16.60,€
6393,4966713,bio-e-escolhas-alimentares,Molho de Soja com Menos Sal,0.15,LT,4.49,29.93,€
6394,4793081,bio-e-escolhas-alimentares,Tarteletes de Morango,0.15,KG,1.19,7.93,€
6395,5893822,bio-e-escolhas-alimentares,Pastilhas Elásticas Spearmint,0.0825,KG,2.99,36.02,€
6396,7408598,bio-e-escolhas-alimentares,Iogurte Líquido Magro Frutos Silvestres,0.62,KG,1.78,2.87,€
6397,3853128,bio-e-escolhas-alimentares,Salsichas de Soja Frasco 5 un,0.4,KG,2.95,12.04,€
6398,7127135,bio-e-escolhas-alimentares,Iogurte Grego Stracciatella sem Lactose,0.24,KG,1.5,6.25,€
6399,2232268,bio-e-escolhas-alimentares,Tortitas de Arroz Integral com Chocolate Negro,0.13,KG,2.75,21.15,€
6401,7421888,bio-e-escolhas-alimentares,Snack para Bebé Tubinhos de Grão de Bico +12M,0.02,KG,1.49,74.50,€
6402,7376469,bio-e-escolhas-alimentares,Sopa de Cebola,0.051,KG,0.89,17.45,€
6403,5893777,bio-e-escolhas-alimentares,Pastilhas Elásticas Morango,0.0825,KG,2.99,36.02,€
6404,6506903,bio-e-escolhas-alimentares,Queijo Chévre Biológico,0.18,KG,3.76,20.89,€
6405,6297383,bio-e-escolhas-alimentares,Pastilhas Elásticas Senses Berry,3.0,KG,1.39,20.14,€
6406,7304955,bio-e-escolhas-alimentares,Iogurte Bifidus Cremoso Magro Frutos Silvestres,0.96,KG,3.38,3.52,€
6407,7490243,bio-e-escolhas-alimentares,Queijo Mozzarella de Búfala Sem Lactose,0.125,KG,1.87,14.96,€
6408,5893824,bio-e-escolhas-alimentares,Pastilhas Elásticas Frutos Silvestres,0.0825,KG,2.99,36.02,€
6409,5049953,bio-e-escolhas-alimentares,Gelatina em Pó Light de Ananás,2.0,KG,2.09,69.67,€
6410,2428811,bio-e-escolhas-alimentares,Pastilhas Elásticas Morango,4.0,KG,2.79,49.82,€
6411,7366349,bio-e-escolhas-alimentares,Maçã Golden Biológica,0.5,KG,1.69,3.38,€
6412,7478827,bio-e-escolhas-alimentares,Bloco Estilo Grego,0.2,KG,3.49,17.45,€
6413,2005256,bio-e-escolhas-alimentares,Cereais Corn Flakes,0.5,KG,3.99,7.98,€
6414,2163680,bio-e-escolhas-alimentares,Queijo Fundido Light Fatiado,0.2,KG,2.34,11.70,€
6415,5476889,bio-e-escolhas-alimentares,Yofu Soja Natural com Coco,0.5,KG,2.82,5.64,€
6416,7357120,bio-e-escolhas-alimentares,Couve Brócolo Biológico,0.4,KG,3.49,8.73,€
6417,6516612,bio-e-escolhas-alimentares,Pastilhas Elásticas de Melancia,2.0,KG,1.59,28.39,€
6418,6297309,bio-e-escolhas-alimentares,Pastilhas Elásticas Senses Tropical,0.023,KG,0.99,43.04,€
6419,5779885,bio-e-escolhas-alimentares,Bebida de Chocolate Solúvel sem Glúten,1.0,KG,7.99,7.99,€
6421,7195542,bio-e-escolhas-alimentares,Bolachas Roscas Simples,0.4,KG,1.89,4.73,€
6422,7400026,bio-e-escolhas-alimentares,Ketchup Familiar,0.84,KG,3.1,3.69,€
6423,7264559,bio-e-escolhas-alimentares,Bolachas Waffer Chocolate Diet Nature,0.18,KG,2.44,13.56,€
6424,6453844,bio-e-escolhas-alimentares,Tortitas de Milho sem Sal,0.13,KG,1.89,14.54,€
6425,5893654,bio-e-escolhas-alimentares,Barrinhas de Salmão sem Glúten,0.3,KG,2.82,9.40,€
6426,4522983,bio-e-escolhas-alimentares,Bolachas Recheadas Flakes,0.5,KG,2.99,5.98,€
6427,5778152,bio-e-escolhas-alimentares,Rúcula Selvagem Biológica,0.07,KG,2.49,35.57,€
6428,5253111,bio-e-escolhas-alimentares,Bolachas Mini Cookies,0.12,KG,2.19,18.25,€
6429,7421885,bio-e-escolhas-alimentares,Snack para Bebé Estrelas de Ananás e Quinoa +12M,0.02,KG,1.49,74.50,€
6430,5760375,bio-e-escolhas-alimentares,Queijo Creme Fresco para Barrar sem Lactose,0.15,KG,2.34,15.60,€
6431,6903970,bio-e-escolhas-alimentares,Vegegurte Soja Alperce e Goiaba,0.4,KG,1.21,3.03,€
6432,7625841,bio-e-escolhas-alimentares,Iogurte Pedaços Magro Ananás sem Açúcar,0.5,KG,1.59,3.18,€
6433,7163487,bio-e-escolhas-alimentares,Queijo Fresco para Barrar Light,0.15,KG,1.78,11.87,€
6434,6249472,bio-e-escolhas-alimentares,Queijo Mozzarella Light,0.125,KG,1.02,8.16,€
6435,7359782,bio-e-escolhas-alimentares,Salsichas Frankfurt Lata 8 un sem Glúten,0.424,KG,0.99,4.95,€
6436,7472572,bio-e-escolhas-alimentares,Molho de Soja,0.2,LT,0.99,4.95,€
6437,7477480,bio-e-escolhas-alimentares,Pudim +Proteína Chocolate,0.2,KG,1.19,5.95,€
6438,7246729,bio-e-escolhas-alimentares,Flocos Aveia Finos Integral Pack Poupança,1.0,KG,1.75,1.75,€
6439,7525582,bio-e-escolhas-alimentares,Yofu Soja Ananás e Maracujá Sem Açúcar,0.4,KG,2.82,7.05,€
6440,7430655,bio-e-escolhas-alimentares,Pastilhas Elásticas Oral-B Spearmint,0.068,KG,3.49,51.32,€
6441,2410887,bio-e-escolhas-alimentares,Doce Arandos e Mirtilos,0.284,KG,4.39,15.46,€
6442,7475461,bio-e-escolhas-alimentares,Douradinhos de Peixe sem Glúten,0.36,KG,3.75,10.42,€
6444,5734808,bio-e-escolhas-alimentares,Muesli Crunchy Chocolate,0.5,KG,2.49,4.98,€
6445,6715879,bio-e-escolhas-alimentares,Manteiga de Amendoim Crocante,1.0,KG,5.99,5.99,€
6447,7298531,bio-e-escolhas-alimentares,Salsichas de Soja Lata 8 un,0.35,KG,2.79,17.44,€
6448,4816759,bio-e-escolhas-alimentares,Bolachas Cream Cracker,0.6,KG,1.99,3.32,€
6449,6659182,bio-e-escolhas-alimentares,Molho Pesto sem Glúten,0.19,KG,1.79,9.42,€
6450,6543489,bio-e-escolhas-alimentares,Fatias Vegetarianas com Legumes,0.1,KG,2.19,21.90,€
6451,2411882,bio-e-escolhas-alimentares,Doce Cereja,0.284,KG,4.39,15.46,€
6452,5344100,bio-e-escolhas-alimentares,Tofu Fumado,0.2,KG,2.99,14.95,€
6453,5582241,bio-e-escolhas-alimentares,Queijo Gouda sem Lactose Fatiado,0.15,KG,1.68,11.20,€
6454,7068840,bio-e-escolhas-alimentares,Delícias do Mar Ultracongeladas,0.25,KG,1.21,4.84,€
6455,5884022,bio-e-escolhas-alimentares,Massa Linguine sem Glúten,0.4,KG,2.91,7.28,€
6456,2418570,bio-e-escolhas-alimentares,Molho para Massa Napolitana sem Glúten,0.4,KG,4.69,11.73,€
6457,5077526,bio-e-escolhas-alimentares,Refrigerante com Gás Cola Zero Açúcar Zero Cafeína,12.0,LT,6.24,3.47,€
6458,7649263,bio-e-escolhas-alimentares,Iogurte Líquido Fruta Exótica Sem Lactose,0.604,KG,2.06,3.41,€
6459,7146725,bio-e-escolhas-alimentares,Leite de Coco,0.4,LT,1.49,3.73,€
6460,4930349,bio-e-escolhas-alimentares,Doce Frutos Vermelhos Light,0.34,KG,1.69,4.97,€
6462,6901775,bio-e-escolhas-alimentares,Iogurte Pedaços Mirtilo,0.5,KG,1.59,3.18,€
6463,4876371,bio-e-escolhas-alimentares,Galetes de Milho com Sal Finíssimas sem Glúten,0.13,KG,1.39,10.69,€
6464,5491853,bio-e-escolhas-alimentares,Gelatina em Pó de Melancia,0.031,KG,2.09,67.42,€
6465,6437996,bio-e-escolhas-alimentares,Bebida Vegetal de Amêndoa,3.0,LT,1.68,2.80,€
6466,5211588,bio-e-escolhas-alimentares,Gelatina em Pó Light de Frutos Tropicais,2.0,KG,2.09,69.67,€
6467,7382576,bio-e-escolhas-alimentares,Espinafre Biológico,0.3,KG,1.59,5.30,€
6468,5895804,bio-e-escolhas-alimentares,Queijo Feta Biológico,0.18,KG,4.7,26.11,€
6469,5764027,bio-e-escolhas-alimentares,Iogurte Magro Aroma Morango e Coco,0.75,KG,1.12,1.49,€
6470,7405354,bio-e-escolhas-alimentares,Pudding Proteína Chocolate,0.15,KG,2.27,15.13,€
6471,2410868,bio-e-escolhas-alimentares,Doce Morango,0.284,KG,4.39,15.46,€
6472,5593788,bio-e-escolhas-alimentares,Hambúrgueres sem Glúten,0.64,KG,6.99,10.92,€
6473,7184113,bio-e-escolhas-alimentares,Caju Biológico,0.15,KG,2.99,19.93,€
6476,7452611,bio-e-escolhas-alimentares,Iogurte Magro Mirtilo sem Lactose,0.48,KG,1.97,4.10,€
6477,5696986,bio-e-escolhas-alimentares,Hambúrguer de Frango sem Glúten,0.48,KG,6.59,13.73,€
6478,6646028,bio-e-escolhas-alimentares,Alho Moído,0.052,KG,3.21,61.73,€
6479,6516611,bio-e-escolhas-alimentares,Pastilhas Elásticas de Spearmint,2.0,KG,1.59,28.39,€
6480,6212796,bio-e-escolhas-alimentares,Pastilhas Elásticas Peppermint,0.08259999999999999,KG,2.99,36.46,€
6481,2922836,bio-e-escolhas-alimentares,Creme Vegetal de Soja Light para Culinária,0.25,LT,1.89,7.56,€
6482,6831241,bio-e-escolhas-alimentares,Massa Esparguete Integral,0.5,KG,0.93,1.86,€
6483,7393783,bio-e-escolhas-alimentares,Cereais de Trigo Integral com Pedaços de Amêndoa Clusters,0.325,KG,4.69,14.43,€
6484,7657130,bio-e-escolhas-alimentares,Iogurte Líquido Cremoso Magro Pêssego e Maracujá,0.604,KG,1.77,2.93,€
6485,7447101,bio-e-escolhas-alimentares,Bolachas Digestivas de Aveia,0.425,KG,1.39,3.27,€
6486,7383018,bio-e-escolhas-alimentares,Iogurte Líquido Proteína Coco,0.3,KG,1.87,6.23,€
6487,7306888,bio-e-escolhas-alimentares,Ervilhas Cozidas Lata sem Glúten,0.85,KG,1.39,2.67,€
6488,7184183,bio-e-escolhas-alimentares,Amêndoa Tostada sem Pele Biológica,0.15,KG,3.99,26.60,€
6489,7414706,bio-e-escolhas-alimentares,Pudim Flan sem Lactose,0.4,KG,2.45,6.12,€
6490,7522382,bio-e-escolhas-alimentares,Iogurte Bifidus Magro Natural,0.48,KG,1.87,3.90,€
6491,6242744,bio-e-escolhas-alimentares,"Iogurte Líquido Magro Triplo Zero Manga, Maracujá e Goji",0.62,KG,1.78,2.87,€
6492,5180981,bio-e-escolhas-alimentares,Tortitas de Milho sem Glúten,0.13,KG,1.45,11.15,€
6493,7654199,bio-e-escolhas-alimentares,Iogurte Líquido Morango sem Lactose,0.604,KG,2.06,3.41,€
6494,5949624,bio-e-escolhas-alimentares,Pastilhas Elásticas Spearmint,0.024,KG,1.19,49.58,€
6495,6937691,bio-e-escolhas-alimentares,Iogurte Pedaços Magro Morango sem Açúcar,0.5,KG,1.36,2.72,€
6496,7399130,bio-e-escolhas-alimentares,Snack para Bebé Ervilha e Queijo +8M,0.02,KG,1.19,59.50,€
6497,6437987,bio-e-escolhas-alimentares,Bebida Vegetal de Arroz,3.0,LT,1.4,2.33,€
6498,7383016,bio-e-escolhas-alimentares,Iogurte Líquido Proteína Manga,0.3,KG,1.87,6.23,€
6499,7059567,bio-e-escolhas-alimentares,Bolachas Choco Tablet Diet Nature,0.15,KG,3.24,21.60,€
6500,7522377,bio-e-escolhas-alimentares,Iogurte Bifidus Pedaços Magro Chia e Amêndoa,0.48,KG,2.16,4.70,€
6501,5884667,bio-e-escolhas-alimentares,Massa Fusilli Integral,0.5,KG,2.5,5.00,€
6503,7403451,bio-e-escolhas-alimentares,Gelatina Ananás 0% Açúcar,0.031,KG,0.99,31.94,€
6504,4302047,bio-e-escolhas-alimentares,Maionese em Vidro sem Glúten,0.419,KG,1.99,4.70,€
6505,5491864,bio-e-escolhas-alimentares,Gelatina em Pó de Frutos Tropicais,0.031,KG,2.09,67.42,€
6506,7390489,bio-e-escolhas-alimentares,Caldo de Legumes Cubos sem Glúten,12.0,KG,0.99,8.25,€
6507,5511709,bio-e-escolhas-alimentares,Bolachas Vitalday Crocante Original,0.265,KG,2.59,9.77,€
6508,6445104,bio-e-escolhas-alimentares,Milho Doce sem Glúten,0.3,KG,1.15,4.04,€
6509,2384445,bio-e-escolhas-alimentares,Milho Doce sem Glúten,0.3,KG,2.69,9.44,€
6510,4816740,bio-e-escolhas-alimentares,Bolachas Cream Cracker,0.2,KG,0.69,3.45,€
6511,3047533,bio-e-escolhas-alimentares,Tofu Refrigerado Biológico,0.5,KG,4.15,8.30,€
6512,6671495,bio-e-escolhas-alimentares,Infusão Menta Saquetas,10.0,UN,1.09,0.11,€
6513,7090521,bio-e-escolhas-alimentares,Veggie Bowls de Couscous e Edamame,0.35,KG,2.99,8.54,€
6514,6478857,bio-e-escolhas-alimentares,Yofu Soja Manga sem Açúcar,0.4,KG,2.82,7.05,€
6516,5000349,bio-e-escolhas-alimentares,Bolachas Integrais,0.2,KG,1.19,5.95,€
6517,2868688,bio-e-escolhas-alimentares,Legumes Primavera sem Glúten,0.6,KG,3.84,9.14,€
6518,7030709,bio-e-escolhas-alimentares,Iogurte Líquido Proteína Limão e Menta,0.3,KG,1.87,6.23,€
6519,7383380,bio-e-escolhas-alimentares,Beterraba Rodelas sem Glúten,0.56,KG,0.99,5.50,€
6521,7447100,bio-e-escolhas-alimentares,Bolachas Digestivas de Aveia com Chocolate,0.3,KG,1.39,4.63,€
6522,7095385,bio-e-escolhas-alimentares,Feijão Branco Cozido sem Glúten,0.54,KG,2.99,5.54,€
6523,5813928,bio-e-escolhas-alimentares,Iogurte Magro e Gelatina Maracujá,0.48,KG,1.69,3.52,€
6524,7449988,bio-e-escolhas-alimentares,Iogurte Líquido +Proteína Banana,0.28,UN,1.12,4.00,€
6525,5294862,bio-e-escolhas-alimentares,Tortitas de Milho com Tomate e Azeite,0.13,KG,2.95,22.69,€
6526,7363839,bio-e-escolhas-alimentares,Iogurte Bifidus Pedaços Magro Aveia e Linhaça,0.48,KG,2.16,4.70,€
6527,6040952,bio-e-escolhas-alimentares,Bolachas Vitalday Crocantes de Fruta e Fibras,0.3,KG,2.59,8.63,€
6528,2510588,bio-e-escolhas-alimentares,Arroz Branco,1.0,KG,4.48,4.48,€
6529,4951998,bio-e-escolhas-alimentares,Iogurte Líquido Magro Defesas Natural,0.6,KG,2.63,4.38,€
6530,5296274,bio-e-escolhas-alimentares,Pão Clássico Cereais sem Glúten,0.3,KG,3.7,12.33,€
6531,2799162,bio-e-escolhas-alimentares,Bolachas de Gengibre,0.15,KG,2.74,18.27,€
6532,7480604,bio-e-escolhas-alimentares,Salsichas Tipo Alemãs Frasco  5 un sem Glúten,0.41,UN,1.89,0.38,€
6533,7406211,bio-e-escolhas-alimentares,Iogurte Natural Açucarado sem Lactose,0.48,KG,1.78,1.78,€
6534,6245944,bio-e-escolhas-alimentares,Iogurte Bifidus Pêssego sem Lactose,0.48,KG,2.16,4.50,€
6535,7312746,bio-e-escolhas-alimentares,Flocos de Batata para Puré sem Glúten,0.5,KG,1.89,3.78,€
6536,5103536,bio-e-escolhas-alimentares,Beterraba Cozida Inteira Biológica,0.45,KG,1.69,3.76,€
6537,7478826,bio-e-escolhas-alimentares,Leite Achocolatado sem Lactose,4.0,LT,2.34,2.93,€
6538,2538471,bio-e-escolhas-alimentares,Biscoitos Alfarroba,0.25,KG,2.99,13.59,€
6539,3749312,bio-e-escolhas-alimentares,Bolachas Digestivas com Chocolate Diet Nature,0.27,KG,3.29,12.19,€
6540,6020780,bio-e-escolhas-alimentares,Bolachas Digestivas de Aveia e Laranja,0.425,KG,1.64,3.86,€
6541,7175878,bio-e-escolhas-alimentares,Bebida Energética Gaseificada sem Açúcar,2.0,LT,2.79,5.58,€
6542,7591765,bio-e-escolhas-alimentares,Iogurte Líquido Proteína Stracciatella,0.3,KG,1.87,6.23,€
6543,2811344,bio-e-escolhas-alimentares,Bolachas Crackers sem Sal,0.5,KG,3.54,7.08,€
6544,5934461,bio-e-escolhas-alimentares,Doce Amoras,0.284,KG,4.39,15.46,€
6545,2035556,bio-e-escolhas-alimentares,Pastilhas Elásticas Peppermint,4.0,KG,2.79,49.82,€
6546,5356288,bio-e-escolhas-alimentares,Massa Espirais sem Glúten,0.5,KG,2.53,5.06,€
6547,5244204,bio-e-escolhas-alimentares,Bebida de Chocolate Solúvel sem Glúten,0.8,KG,3.49,4.36,€
6548,5885211,bio-e-escolhas-alimentares,Tofu Fumado Biológico,0.2,KG,3.39,16.95,€
6549,7359687,bio-e-escolhas-alimentares,Tablete de Chocolate Culinária 70%,0.2,KG,1.79,8.95,€
6550,7579203,bio-e-escolhas-alimentares,Fatiado Sabor a Frango,0.1,KG,2.99,29.90,€
6551,7368848,bio-e-escolhas-alimentares,Pudim Proteína Baunilha,0.2,KG,1.89,9.45,€
6552,5813906,bio-e-escolhas-alimentares,Iogurte Magro e Gelatina Framboesa,0.48,KG,1.69,3.52,€
6553,7188280,bio-e-escolhas-alimentares,"Tortitas Vitalday de Arroz, Iogurte e Framboesa sem Glúten",0.112,KG,2.89,25.80,€
6554,7207956,bio-e-escolhas-alimentares,Falafel,0.45,KG,4.99,11.09,€
6555,6588554,bio-e-escolhas-alimentares,Veggie Bowls de Bulgur e Courgette,0.35,KG,2.99,8.54,€
6556,6644074,bio-e-escolhas-alimentares,Muesli Crunchy,1.0,KG,3.49,3.49,€
6557,2811330,bio-e-escolhas-alimentares,Bolachas Crackers com Sal,0.5,KG,3.54,7.08,€
6558,5734823,bio-e-escolhas-alimentares,Muesli Crunchy Frutos,0.5,KG,2.49,4.98,€
6559,4363336,bio-e-escolhas-alimentares,Tortitas de Milho Mini,0.1,KG,1.89,18.90,€
6560,7383025,bio-e-escolhas-alimentares,"Iogurte Magro Aroma Morango, Coco e Frutos Silvestres",0.96,KG,2.35,2.45,€
6561,5612277,bio-e-escolhas-alimentares,Pastilhas Elásticas de Peppermint,0.0165,KG,0.99,58.24,€
6562,7404775,bio-e-escolhas-alimentares,Barrinhas de Pescada sem Glúten,0.3,KG,2.82,9.40,€
6563,6252122,bio-e-escolhas-alimentares,Iogurte Aroma Coco sem Lactose,0.48,KG,2.08,4.33,€
6564,6916887,bio-e-escolhas-alimentares,Gratinado De Peixe Limão e Ervas sem Glúten,0.38,KG,3.49,9.18,€
6565,6892400,bio-e-escolhas-alimentares,Iogurte Líquido Proteína Baunilha Bolacha,0.3,KG,1.87,6.23,€
6566,5538337,bio-e-escolhas-alimentares,Ketchup à Portuguesa Top Down sem Glúten,0.45,KG,2.49,5.53,€
6567,7178142,bio-e-escolhas-alimentares,Ervilhas com Cenoura sem Glúten,0.41,KG,1.49,6.37,€
6568,5717192,bio-e-escolhas-alimentares,Bolachas Cacau Recheadas com Creme Diet Nature,0.21,KG,3.29,15.67,€
6569,2918187,bio-e-escolhas-alimentares,Queijo Flamengo Light Fatiado,0.2,KG,2.63,13.15,€
6570,2555568,bio-e-escolhas-alimentares,Queijo Fresco Magro,0.08,KG,0.55,6.88,€
6571,6605351,bio-e-escolhas-alimentares,Iogurte Magro +Proteína Ananás,0.145,KG,0.93,6.41,€
6572,5581582,bio-e-escolhas-alimentares,Iogurte Magro Natural,0.72,KG,1.12,1.56,€
6573,6543481,bio-e-escolhas-alimentares,Fatias Vegetarianas com Ervas Mediterrâneas,0.1,KG,2.19,21.90,€
6574,7577573,bio-e-escolhas-alimentares,Suplemento em Pó Desincoffe Sabor Chocolate Belga,0.22,KG,29.59,134.50,€
6575,5550510,bio-e-escolhas-alimentares,Pastilhas Elásticas de Bubblemint,4.0,KG,2.1,35.00,€
6576,5895830,bio-e-escolhas-alimentares,Iogurte Natural,0.5,KG,1.97,3.94,€
6577,7404066,bio-e-escolhas-alimentares,Iogurte Magro Morango sem Lactose,0.48,KG,1.97,4.10,€
6579,6246351,bio-e-escolhas-alimentares,Iogurte Bifidus Natural Açucarado sem Lactose,0.48,KG,2.16,4.50,€
6580,5995534,bio-e-escolhas-alimentares,Biscoitos Limão e Chia,0.22,KG,2.89,13.14,€
6582,7115210,bio-e-escolhas-alimentares,Iogurte Proteína Kvarg Pro+ Limão e Cookies,0.15,KG,0.88,5.87,€
6583,7132218,bio-e-escolhas-alimentares,Azeite Virgem Extra Suave,0.75,LT,6.35,8.47,€
6584,7168016,bio-e-escolhas-alimentares,Boião de Fruta Pera e Maçã +4M,0.12,KG,1.19,9.92,€
6585,6581987,bio-e-escolhas-alimentares,Infusão Cidreira Saquetas,10.0,UN,0.99,€0.10, 
6586,4322894,bio-e-escolhas-alimentares,Massa de Alho sem Glúten,0.2,KG,0.85,4.25,€
6587,5017343,bio-e-escolhas-alimentares,Bolachas Recheadas com Chocolate Diet Nature,0.25,KG,2.89,11.56,€
6588,6968391,bio-e-escolhas-alimentares,Tortitas de Arroz sem Glúten,0.13,KG,0.99,7.62,€
6589,5703784,bio-e-escolhas-alimentares,Queijo Flamengo sem Lactose Fatiado,0.15,KG,2.44,16.27,€
6590,7382589,bio-e-escolhas-alimentares,Pimento Biológico,0.3,KG,2.49,8.30,€
6591,5956734,bio-e-escolhas-alimentares,Especialidade Vegetariana de Tofu Tipo Viena Biológica,0.3,KG,4.99,16.63,€
6592,6869086,bio-e-escolhas-alimentares,Lentilhas Encarnadas sem Casca,0.5,KG,1.79,3.58,€
6593,7243366,bio-e-escolhas-alimentares,Barrinhas de Pescada com Limão sem Glúten,0.3,KG,5.65,18.83,€
6594,5140530,bio-e-escolhas-alimentares,Cereais Choco Cookies,0.375,KG,1.99,5.31,€
6596,6645679,bio-e-escolhas-alimentares,Canela Moída,0.027,KG,2.76,102.22,€
6597,3853126,bio-e-escolhas-alimentares,Salsichas de Aves Frasco 5 un sem Glúten,0.4,KG,2.39,9.76,€
6598,7158905,bio-e-escolhas-alimentares,Barras de Cereais Morango Fitness,0.141,KG,1.99,14.11,€
6599,6559345,bio-e-escolhas-alimentares,Puré de Pera Saqueta sem Glúten,0.1,KG,1.09,€10.90, 
6600,7677652,bio-e-escolhas-alimentares,Iogurte Líquido Magro Morango e Framboesa,1.208,KG,2.88,2.38,€
6601,7249786,bio-e-escolhas-alimentares,Iogurte Magro +Proteína Maracujá e Chia,0.145,KG,0.93,6.41,€
6602,7441448,bio-e-escolhas-alimentares,Ketchup Top Down sem Glúten,0.34,KG,0.99,2.91,€
6604,6418505,bio-e-escolhas-alimentares,Pimento Assado às Tiras Biológico,0.25,KG,3.99,15.96,€
6605,7136922,bio-e-escolhas-alimentares,"Barras de Amendoim, Avelã, Caju e Arando sem Glúten",0.1,KG,1.69,16.90,€
6606,7404070,bio-e-escolhas-alimentares,Iogurte Magro Natural sem Lactose,0.48,KG,1.97,4.10,€
6607,5752439,bio-e-escolhas-alimentares,Iogurte Natural,0.75,KG,3.38,4.51,€
6608,4612823,bio-e-escolhas-alimentares,Bolachas Maria,0.3,KG,3.79,12.63,€
6609,7488096,bio-e-escolhas-alimentares,Presunto Fatiado Biológico,0.09,UN,4.59,51.00,€
6610,2962967,bio-e-escolhas-alimentares,Bulgur,0.5,KG,1.99,3.98,€
6611,2550319,bio-e-escolhas-alimentares,Cereais Fitness Trigo e Aveia Integral,0.625,KG,3.59,5.74,€
6612,6109866,bio-e-escolhas-alimentares,Iogurte Líquido Magro Morango,0.62,KG,1.78,€2.87, 
6614,2601431,bio-e-escolhas-alimentares,Bolachas Doradas Diet Nature,0.33,KG,3.39,10.27,€
6616,7341857,bio-e-escolhas-alimentares,Gnocchi com Molho de Tomate e Espinafres,0.5,KG,3.69,7.38,€
6617,7368849,bio-e-escolhas-alimentares,Pudim Proteína Caramelo,0.2,KG,1.89,9.45,€
6618,5958813,bio-e-escolhas-alimentares,Iogurte Aroma Manga,0.15,KG,0.83,5.53,€
6619,6820268,bio-e-escolhas-alimentares,Cornitas de Grão e Lentilhas sem Glúten,0.09,KG,1.79,19.89,€
6620,2359991,bio-e-escolhas-alimentares,Tablete de Chocolate Negro Excellence 70% Cacau,0.1,KG,2.99,29.90,€
6621,5037731,bio-e-escolhas-alimentares,Tortitas de Milho Mini Receita Mediterrânea sem Glúten,0.07,KG,1.89,27.00,€
6622,7399129,bio-e-escolhas-alimentares,Snack para Bebé Fruta e Vegetais +8M,0.02,KG,1.19,59.50,€
6623,5051808,bio-e-escolhas-alimentares,Cereais Argolas com Mel,0.375,KG,1.79,4.77,€
6624,5911793,bio-e-escolhas-alimentares,Tostas Multicereais sem Glúten,0.14,KG,3.52,25.14,€
6625,6590648,bio-e-escolhas-alimentares,Maçaroca de Milho Doce Cozido Biológico,0.4,KG,3.49,8.73,€
6626,4376763,bio-e-escolhas-alimentares,Mostarda em Grãos L'Ancienne em Vidro,0.19,KG,1.25,6.58,€
6627,7380640,bio-e-escolhas-alimentares,Nuggets Proteína Vegetal Polme Estilo Americano,0.22,KG,3.99,18.14,€
6628,4876374,bio-e-escolhas-alimentares,Galetes de Arroz sem Sal Finíssimas sem Glúten,0.13,KG,1.39,10.69,€
6629,7453367,bio-e-escolhas-alimentares,Fatias Vegetarianas com Vegetais Assados,0.1,KG,2.19,21.90,€
6630,7449990,bio-e-escolhas-alimentares,Iogurte Líquido +Proteína Café,0.28,KG,1.12,4.00,€
6631,4778667,bio-e-escolhas-alimentares,Bolachas Digestivas,0.4,KG,1.25,3.13,€
6632,6903969,bio-e-escolhas-alimentares,Vegegurte Soja Frutos Vermelhos,0.4,KG,1.21,3.03,€
6633,7287176,bio-e-escolhas-alimentares,Lombos de Salmão sem Pele Biológico Congelado,0.25,UN,15.99,15.99,€
6634,6385852,bio-e-escolhas-alimentares,Gelatina em Pó de Melancia,0.031,KG,0.99,31.94,€
6635,7466426,bio-e-escolhas-alimentares,Maionese Top Down sem Glúten,0.5,LT,1.99,3.98,€
6636,5902764,bio-e-escolhas-alimentares,Gelatina em Pó Zero% de Papaia,0.028,KG,1.04,37.14,€
6637,7473539,bio-e-escolhas-alimentares,Iogurte Pedaços Magro Natur Pêssego e Maracujá,0.46,KG,1.87,4.07,€
6638,7368602,bio-e-escolhas-alimentares,Pudim Proteína Café,0.2,KG,1.89,9.45,€
6639,7167754,bio-e-escolhas-alimentares,Atum em Tomate,0.12,KG,2.09,26.79,€
6640,6530960,bio-e-escolhas-alimentares,Cereais de Arroz Tufado com Chocolate,0.375,KG,1.79,4.77,€
6642,6523170,bio-e-escolhas-alimentares,Iogurte Cremoso Manga,0.135,KG,1.54,11.41,€
6643,5461222,bio-e-escolhas-alimentares,Gomas Bananas sem Glúten,0.09,KG,1.19,13.22,€
6644,7140427,bio-e-escolhas-alimentares,Doce Framboesa e Romã,0.28,KG,2.99,10.68,€
6645,5512100,bio-e-escolhas-alimentares,Bolachas Vitalday Cereais com Frutos Vermelhos,0.24,KG,2.89,12.04,€
6646,3023130,bio-e-escolhas-alimentares,Alimento Lácteo Pera sem Glúten +6M,4.0,KG,2.63,6.57,€
6647,5684071,bio-e-escolhas-alimentares,Manteiga de Amendoim Cremosa,0.5,UN,3.49,6.98,€
6648,6831341,bio-e-escolhas-alimentares,Salsa Folhas,0.007,KG,1.86,265.71,€
6649,6385849,bio-e-escolhas-alimentares,Gelatina em Pó de Frutos Vermelhos,0.031,KG,0.99,31.94,€
6650,5051024,bio-e-escolhas-alimentares,Leite de Coco,0.165,LT,1.52,9.21,€
6651,7439688,bio-e-escolhas-alimentares,Pera Rocha Nacional Biológica,0.5,KG,2.72,5.44,€
6652,2144942,bio-e-escolhas-alimentares,Mostarda L'Ancienne em Vidro,0.21,KG,3.99,19.00,€
6653,7264564,bio-e-escolhas-alimentares,Bolachas Tostadas Diet Nature,0.4,KG,3.19,7.98,€
6654,6172488,bio-e-escolhas-alimentares,Cereais Estrelitas Mel,0.55,KG,4.99,9.07,€
6655,7723307,bio-e-escolhas-alimentares,Bolachas Marinheiras com Chia,0.2,KG,2.49,12.45,€
6656,2857586,bio-e-escolhas-alimentares,Creme Vegetal de Aveia para Culinária,0.25,LT,1.84,7.36,€
6657,4962050,bio-e-escolhas-alimentares,Salsichas de Soja Lata 8 un,0.36,KG,1.87,10.39,€
6658,5612270,bio-e-escolhas-alimentares,Pastilhas Elásticas de Canela,0.0165,KG,0.99,58.24,€
6659,7543676,bio-e-escolhas-alimentares,Iogurte Aroma Baunilha,0.5,KG,1.4,2.80,€
6660,5705478,bio-e-escolhas-alimentares,Tortitas Vitalday de Arroz Integral Chocolate Negro,0.105,KG,2.44,23.24,€
6661,6645289,bio-e-escolhas-alimentares,"Tortitas de Aveia, Arroz e Chocolate Negro",0.082,KG,2.44,29.76,€
6662,7478830,bio-e-escolhas-alimentares,Fatiado de Sabor Original,0.2,KG,3.79,18.95,€
6663,6461157,bio-e-escolhas-alimentares,Gelatina em Pó de Mirtilo,0.031,KG,0.99,31.94,€
6664,4920353,bio-e-escolhas-alimentares,Ketchup Top Down sem Glúten,0.275,KG,2.89,10.51,€
6665,6518938,bio-e-escolhas-alimentares,Iogurte Aroma Banana e Bolacha,0.135,KG,1.54,11.41,€
6666,7170365,bio-e-escolhas-alimentares,Lentilhas Vermelhas sem Casca,0.5,KG,3.59,7.18,€
6667,7646228,bio-e-escolhas-alimentares,Iogurte Proteína Morango,0.16,KG,1.21,7.56,€
6668,7540820,bio-e-escolhas-alimentares,Iogurte Proteína Stracciatella,0.16,KG,1.21,7.56,€
6669,4407681,bio-e-escolhas-alimentares,Caldo de Legumes Natura sem Glúten,4.0,KG,2.49,22.23,€
6670,7506787,bio-e-escolhas-alimentares,Queijo Fresco Magro,0.2,KG,0.93,4.65,€
6671,6869131,bio-e-escolhas-alimentares,Queijo Cottage Magro para Barrar Natural,0.18,KG,1.87,10.39,€
6672,5477214,bio-e-escolhas-alimentares,Iogurte Natural,0.75,KG,4.14,5.52,€
6674,7374363,bio-e-escolhas-alimentares,Bolachas Cracker Integral,0.267,KG,2.65,9.93,€
6675,5037729,bio-e-escolhas-alimentares,Tortitas Mini de Milho Presunto Ibérico sem Glúten,0.07,KG,1.89,27.00,€
6676,7621343,bio-e-escolhas-alimentares,Iogurte Pedaços Magro Ananás sem Lactose,0.5,UN,1.78,0.45,€
6677,2904655,bio-e-escolhas-alimentares,Mostarda,0.25,KG,1.35,5.40,€
6678,5884054,bio-e-escolhas-alimentares,Massa Esparguete sem Glúten,0.4,KG,2.91,7.28,€
6679,2799173,bio-e-escolhas-alimentares,Bolachas de Cappuccino,0.15,KG,2.74,18.27,€
6680,7013601,bio-e-escolhas-alimentares,Rebuçados Extra Strong,4.0,KG,2.99,23.36,€
6681,2211103,bio-e-escolhas-alimentares,Manteiga de Amendoim Cremosa sem Glúten,0.34,KG,2.99,8.79,€
6682,7421902,bio-e-escolhas-alimentares,Snack para Bebé Mini Bolachas de Arroz +3A,0.03,KG,1.49,49.67,€
6683,7600464,bio-e-escolhas-alimentares,Ralado Sabor Mozzarella,0.2,KG,3.79,18.95,€
6684,6826186,bio-e-escolhas-alimentares,Snack de Milho sem Glúten,0.02,KG,1.15,57.50,€
6685,4876369,bio-e-escolhas-alimentares,Galetes de Arroz com Sal Finíssimas sem Glúten,0.13,KG,1.39,10.69,€
6686,4431697,bio-e-escolhas-alimentares,Yofu Soja Natural sem Açúcar,0.5,KG,2.82,5.64,€
6687,7461471,bio-e-escolhas-alimentares,Iogurte Bifidus Pedaços Magro Kiwi,0.48,KG,1.78,3.71,€
6688,2701137,bio-e-escolhas-alimentares,Alimento Lácteo Morango sem Glúten +6M,4.0,KG,2.63,6.57,€
6689,6626282,bio-e-escolhas-alimentares,Fiambre Peito de Peru Teor de Sal Reduzido Fatias Finas,0.11,KG,2.19,19.91,€
6690,5078565,bio-e-escolhas-alimentares,Seitan Vegetal,0.3,KG,2.89,9.63,€
6691,2130269,bio-e-escolhas-alimentares,Espargos Brancos sem Glúten,0.33,KG,3.74,18.24,€
6692,5895602,bio-e-escolhas-alimentares,Biscoitos Cacau,0.22,KG,2.89,13.14,€
6693,6032674,bio-e-escolhas-alimentares,Ervilha sem Glúten,3.0,KG,2.74,14.05,€
6694,5491876,bio-e-escolhas-alimentares,Gelatina em Pó de Ananás,0.031,KG,2.09,67.42,€
6695,6769902,bio-e-escolhas-alimentares,Tortitas de Milho sem Glúten,0.13,KG,0.99,7.62,€
6696,6707180,bio-e-escolhas-alimentares,Pastilhas Elásticas de Bubblemint,0.084,KG,3.29,39.17,€
6697,5491726,bio-e-escolhas-alimentares,Gelatina em Pó de Limão,0.031,KG,2.09,67.42,€
6698,7455742,bio-e-escolhas-alimentares,Iogurte Proteína Kvarg Pro+ Banana e Caramelo,0.15,KG,0.88,5.87,€
6699,6671541,bio-e-escolhas-alimentares,Infusão Erva-Príncipe  Saquetas,10.0,UN,1.09,0.11,€
6700,3576493,bio-e-escolhas-alimentares,Bolachas Mini Chips Chocolate sem Glúten,0.2,KG,1.82,9.10,€
6701,7136923,bio-e-escolhas-alimentares,"Barras de Amendoim, Amêndoa e Arando sem Glúten",0.1,KG,1.69,16.90,€
6702,4312748,bio-e-escolhas-alimentares,Leite Condensado Magro,0.397,KG,1.49,3.75,€
6703,7207958,bio-e-escolhas-alimentares,Mini Hambúrgueres de Beterraba,0.27,KG,3.99,14.78,€
6704,7714907,bio-e-escolhas-alimentares,Iogurte Proteína Caramel Macchiato,0.16,KG,1.21,7.56,€
6705,7506752,bio-e-escolhas-alimentares,Sopa 100% Tomate Toscana,0.058,KG,1.99,34.31,€
6706,6523157,bio-e-escolhas-alimentares,Iogurte Cremoso Mirtilo,0.135,KG,1.54,11.41,€
6708,5773661,bio-e-escolhas-alimentares,Iogurte Magro Natural,0.72,KG,2.15,2.99,€
6709,5284220,bio-e-escolhas-alimentares,Arroz de Cenoura Pronto a Comer sem Glúten,2.0,KG,1.45,5.80,€
6710,7399899,bio-e-escolhas-alimentares,Escalope Vegetariano,0.16,KG,4.39,27.44,€
6711,5884891,bio-e-escolhas-alimentares,Massa Esparguete Integral,0.5,KG,2.5,5.00,€
6712,2062301,bio-e-escolhas-alimentares,Cereais Frosties Milho Doce,0.375,KG,2.49,6.64,€
6713,7540853,bio-e-escolhas-alimentares,Mousse Proteína Chocolate Negro,0.2,KG,2.39,11.95,€
6714,6355073,bio-e-escolhas-alimentares,Queijo Fresco de Vaca Longa Duração Baixo Teor de Sal,4.0,KG,2.53,10.12,€
6715,7095887,bio-e-escolhas-alimentares,Tortitas de Milho e Chocolate Negro Vitalday sem Glúten,0.1,KG,2.89,28.90,€
6716,7182223,bio-e-escolhas-alimentares,Iogurte Proteína Manteiga de Amendoim e Banana,0.16,KG,1.21,7.56,€
6718,7175514,bio-e-escolhas-alimentares,Sardinha em Azeite,0.12,KG,1.99,23.69,€
6719,6625850,bio-e-escolhas-alimentares,Sementes de Sésamo Biológicas,0.2,UN,1.29,6.45,€
6720,2201373,bio-e-escolhas-alimentares,Fermento em Pó sem Glúten,0.15,KG,1.39,9.27,€
6721,5895828,bio-e-escolhas-alimentares,Iogurte Aroma Mirtilo,0.4,KG,2.25,5.63,€
6722,5896405,bio-e-escolhas-alimentares,Farinha de Trigo Branca,0.5,KG,1.69,3.38,€
6723,7400067,bio-e-escolhas-alimentares,Pastilhas Elásticas Extreme Mentol,4.0,KG,2.79,49.82,€
6724,5870510,bio-e-escolhas-alimentares,Leite de Coco Light,0.4,LT,2.99,7.48,€
6725,7244148,bio-e-escolhas-alimentares,Tablete de Chocolate de Leite Extrafino sem Glúten,0.27,KG,4.25,15.74,€
6726,7591769,bio-e-escolhas-alimentares,Iogurte Líquido Pinacolada,0.3,KG,1.87,6.23,€
6727,7621342,bio-e-escolhas-alimentares,Iogurte Pedaços Magro Frutos Vermelhos sem Lactose,0.5,UN,1.78,0.45,€
6728,7443184,bio-e-escolhas-alimentares,Mousse Proteína Chocolate,0.2,KG,1.99,9.95,€
6729,7104809,bio-e-escolhas-alimentares,Iogurte Líquido Proteína Kvarg Pro+ Framboesa e Baunilha,0.33,KG,1.6,4.85,€
6731,2211010,bio-e-escolhas-alimentares,Natas para Bater,0.2,LT,0.89,4.45,€
6732,7443180,bio-e-escolhas-alimentares,Mousse Proteína Baunilha,0.2,KG,1.99,9.95,€
6733,2627379,bio-e-escolhas-alimentares,Louro Biológico,0.05,KG,1.29,25.80,€
6734,5026352,bio-e-escolhas-alimentares,Pastilhas Elásticas 60 Minutos Peppermint,0.02,KG,1.09,54.50,€
6735,4376769,bio-e-escolhas-alimentares,Mostarda Dijon em Vidro sem Glúten,0.2,KG,1.25,6.25,€
6736,7543689,bio-e-escolhas-alimentares,Iogurte Natural,0.5,KG,1.21,2.42,€
6737,2003767,bio-e-escolhas-alimentares,Molho Picante sem Glúten,0.06,LT,3.19,53.17,€
6739,7599435,bio-e-escolhas-alimentares,Iogurte +Proteína Mirtilo,0.18,KG,0.83,4.61,€
6740,7406016,bio-e-escolhas-alimentares,Iogurte Aroma Morango sem Lactose,0.48,KG,1.78,3.71,€
6741,5895832,bio-e-escolhas-alimentares,Iogurte Kefir Natural,0.5,KG,1.83,3.66,€
6742,7011817,bio-e-escolhas-alimentares,Tiras Braseadas Proteína Vegetal,0.175,KG,4.49,25.66,€
6743,4069044,bio-e-escolhas-alimentares,Bolachas Digestivas de Aveia e Chocolate,0.425,KG,1.64,3.86,€
6744,2084048,bio-e-escolhas-alimentares,Cogumelos Inteiros sem Glúten,0.29,KG,1.39,8.97,€
6745,7103468,bio-e-escolhas-alimentares,Seitan Biológico,0.35,KG,2.89,€8.26, 
6746,7182224,bio-e-escolhas-alimentares,Iogurte Proteína Mirtilo,0.16,KG,1.21,7.56,€
6747,3749324,bio-e-escolhas-alimentares,Bolachas Digestivas Diet Nature,0.4,KG,3.29,8.23,€
6748,6498861,bio-e-escolhas-alimentares,Salsichas Cocktail Lata sem Glúten,0.35,KG,1.89,10.50,€
6749,7207960,bio-e-escolhas-alimentares,Almôndegas de Proteína Vegetal,0.24,KG,3.99,16.62,€
6750,6601781,bio-e-escolhas-alimentares,Filetes Primavera Original sem Glúten,0.25,KG,3.49,13.96,€
6751,5128355,bio-e-escolhas-alimentares,Tostas Baixo Teor de Sal,0.225,KG,0.93,4.13,€
6752,2348960,bio-e-escolhas-alimentares,Rebuçados de Morango,4.0,KG,2.99,23.36,€
6754,7449992,bio-e-escolhas-alimentares,Iogurte Líquido +Proteína Baunilha,0.28,KG,1.12,4.00,€
6757,6625958,bio-e-escolhas-alimentares,Bagas de Goji Biológicas,0.15,KG,3.69,24.60,€
6759,7327978,bio-e-escolhas-alimentares,"Mix de Amêndoas, Noz, Caju e Arandos Biológico",0.15,KG,2.99,19.93,€
6760,7536721,bio-e-escolhas-alimentares,Yofu Coco e Stracciatella,0.12,KG,1.45,12.08,€
6761,4762917,bio-e-escolhas-alimentares,Doce Abóbora,0.23,KG,3.59,14.36,€
6763,4018164,bio-e-escolhas-alimentares,Bolachas Tostadas,0.8,KG,3.34,4.18,€
6764,6522770,bio-e-escolhas-alimentares,Sal Rosa dos Himalaias Fino,0.5,KG,1.79,3.58,€
6765,5962602,bio-e-escolhas-alimentares,Pizza Ristorante de Salame sem Glúten,0.315,KG,5.55,17.62,€
6766,5911862,bio-e-escolhas-alimentares,Tostas de Mistura sem Glúten,0.14,KG,3.52,25.14,€
6767,4046314,bio-e-escolhas-alimentares,Pastilhas Elásticas White Spearmint,0.058,KG,2.79,48.10,€
6768,2904884,bio-e-escolhas-alimentares,Bolachas Maria Diet Nature,0.4,KG,3.19,7.98,€
6769,7545582,bio-e-escolhas-alimentares,Bolachas com Cobertura Chocolate Negro,0.15,KG,2.99,19.93,€
6770,4536907,bio-e-escolhas-alimentares,Adoçante em Pó 60 Sticks,0.06,UN,1.65,1.65,€
6771,5036294,bio-e-escolhas-alimentares,Bolachas Chip Choco sem Glúten,0.13,KG,1.82,14.00,€
6772,4228607,bio-e-escolhas-alimentares,Flocos Aveia Finos Integral,0.4,KG,1.19,2.98,€
6773,7363643,bio-e-escolhas-alimentares,Barras de Frutos Secos com Chocolate Negro e Sal Marinho sem Glúten,0.09,KG,3.99,44.33,€
6774,5883254,bio-e-escolhas-alimentares,Snack de Arroz e Alecrim sem Glúten,0.04,KG,1.69,42.25,€
6775,3040472,bio-e-escolhas-alimentares,Massa Instantânea Chinesa de Caril,0.085,KG,0.83,9.76,€
6776,2004569,bio-e-escolhas-alimentares,Pepino em Vinagre e Coentros sem Glúten,0.67,KG,3.85,10.69,€
6777,6473635,bio-e-escolhas-alimentares,Bolachas Soft Bakes Recheadas de Chocolate e Avelã,0.25,KG,3.35,13.40,€
6778,5649264,bio-e-escolhas-alimentares,Bolachas Soft Bakes Cereais,0.25,KG,3.35,13.40,€
6779,7182219,bio-e-escolhas-alimentares,Iogurte Proteína Baunilha,0.16,KG,1.21,7.56,€
6780,7553407,bio-e-escolhas-alimentares,Especialidade Cocktail Soja Vegalia,0.534,KG,3.48,18.32,€
6781,6530969,bio-e-escolhas-alimentares,Cereais Bolas com Chocolate,0.375,KG,1.79,4.77,€
6782,3675268,bio-e-escolhas-alimentares,Cereais Estrelas de Mel,0.375,KG,1.75,4.67,€
6783,6804500,bio-e-escolhas-alimentares,Bolachas Digestivas Aveia e Chocolate,0.27,KG,3.44,12.74,€
6785,2211941,bio-e-escolhas-alimentares,Caprichos do Mar sem Glúten,0.4,KG,2.34,5.85,€
6786,6627430,bio-e-escolhas-alimentares,Sementes de Girassol Biológicas,0.2,KG,0.89,4.45,€
6787,4313026,bio-e-escolhas-alimentares,Bolachas Digestivas,0.16,KG,1.99,12.44,€
6788,6561372,bio-e-escolhas-alimentares,Hambúrguer Abóbora,0.16,KG,3.39,21.19,€
6789,7146064,bio-e-escolhas-alimentares,Preparado de Carne Picada de Bovino Biológica,0.4,KG,6.99,17.48,€
6790,7382502,bio-e-escolhas-alimentares,Pepino Biológico,0.5,KG,1.99,3.98,€
6791,7628089,bio-e-escolhas-alimentares,Salsichas de Peru Forno de Lenha 5 un sem Glúten,0.43,KG,2.85,12.95,€
6792,7657408,bio-e-escolhas-alimentares,Iogurte Líquido Magro Morango e Kiwi,0.906,KG,2.53,2.79,€
6793,7553755,bio-e-escolhas-alimentares,Bebida de Chocolate Solúvel sem Glúten,0.39,KG,4.29,11.00,€
6794,6089483,bio-e-escolhas-alimentares,Filetes de Pescada sem Glúten,0.32,KG,5.83,18.22,€
6795,7390490,bio-e-escolhas-alimentares,Caldo de Marisco Cubos sem Glúten,12.0,KG,0.99,8.25,€
6796,7358218,bio-e-escolhas-alimentares,Bolachas Chocolate e Cacau,0.16,KG,2.39,14.94,€
6797,6919801,bio-e-escolhas-alimentares,Bolachas Crackers sem Glúten,0.2,KG,1.82,9.10,€
6798,5516514,bio-e-escolhas-alimentares,"Tortitas de Arroz Chocolate Negro, Laranja e Flor de Azahar",0.132,KG,2.75,20.83,€
6799,7128718,bio-e-escolhas-alimentares,Flocos Aveia Grossos Integral,0.4,KG,0.79,1.98,€
6800,7365171,bio-e-escolhas-alimentares,Ice Tea Limão sem Açúcar,3.0,LT,1.5,2.50,€
6801,4111819,bio-e-escolhas-alimentares,Snack de Chocolate com Amendoim e Caramelo Mini sem Glúten,0.18,KG,3.35,19.71,€
6803,5512020,bio-e-escolhas-alimentares,Bolachas Vitalday de Aveia e Pepitas de Chocolate,0.24,KG,2.89,12.04,€
6804,7207957,bio-e-escolhas-alimentares,Miniburgers de Batata Doce,0.27,KG,3.99,14.78,€
6805,7324691,bio-e-escolhas-alimentares,Gomas Ursinhos sem Glúten,0.3,KG,1.49,4.97,€
6806,6015260,bio-e-escolhas-alimentares,Iogurte Magro e Gelatina Morango,0.48,KG,1.69,3.52,€
6807,7482643,bio-e-escolhas-alimentares,Suplemento Péptidos de Colagénio Creamer Sabor Baunilha sem Glúten,0.305,KG,34.99,114.72,€
6808,7399127,bio-e-escolhas-alimentares,Snack para Bebé Morango e Banana +8M,0.02,UN,1.19,59.50,€
6809,6769287,bio-e-escolhas-alimentares,Tablete de Chocolate Negro 74%,0.1,KG,1.79,17.90,€
6810,5515694,bio-e-escolhas-alimentares,Bolachas Diet Natur com Recheio de Iogurte,0.22,KG,3.29,14.95,€
6811,3792422,bio-e-escolhas-alimentares,Refrigerante com Gás Cola Zero,0.5,LT,1.1,2.20,€
6812,5902759,bio-e-escolhas-alimentares,Gelatina em Pó Zero% de Amora,0.028,KG,1.04,37.14,€
6813,6951102,bio-e-escolhas-alimentares,Milho Doce sem Glúten,3.0,KG,3.19,7.60,€
6814,6173731,bio-e-escolhas-alimentares,Hambúrguer de Azeitona Preta,0.16,KG,3.39,21.19,€
6815,7368599,bio-e-escolhas-alimentares,Pudim Proteína Chocolate,0.2,KG,1.89,9.45,€
6816,5011766,bio-e-escolhas-alimentares,Dragueias de Eucalipto,0.07,KG,4.0,57.14,€
6817,7559249,bio-e-escolhas-alimentares,Cogumelo Pleurothus Biológico,0.15,KG,1.99,13.27,€
6818,7473538,bio-e-escolhas-alimentares,Iogurte Pedaços Magro Natur Coco,0.46,KG,1.87,4.07,€
6819,6903972,bio-e-escolhas-alimentares,Sobremesa Soja Chocolate,0.4,KG,1.69,4.23,€
6820,5422373,bio-e-escolhas-alimentares,Farinha Amido de Milho sem Glúten,0.7,KG,2.89,4.13,€
6821,7482856,bio-e-escolhas-alimentares,Vegegurte Coco com Manga e Maracujá,0.24,KG,1.31,5.46,€
6822,6540518,bio-e-escolhas-alimentares,Massa Esparguete,0.5,KG,1.31,2.62,€
6823,7310427,bio-e-escolhas-alimentares,Fiambre Perna Extra Baixo teor de sal,0.2,KG,2.29,11.45,€
6824,7100167,bio-e-escolhas-alimentares,Yofu Soja Morango Estilo Skyr,0.4,KG,2.82,7.05,€
6825,2868667,bio-e-escolhas-alimentares,Rebentos de Feijão Mungo sem Glúten,3.0,KG,4.99,18.48,€
6826,5731448,bio-e-escolhas-alimentares,Bolachas Cacau Dibus Sharkies sem Glúten,0.25,KG,1.82,7.28,€
6827,4361715,bio-e-escolhas-alimentares,Cereais Cranties Amêndoas e Mel,0.375,KG,2.39,6.37,€
6829,4612921,bio-e-escolhas-alimentares,Bolachas Maria Júnior sem Lactose,0.276,KG,3.59,13.01,€
6830,7384588,bio-e-escolhas-alimentares,Iogurte Proteína Coco,0.16,KG,1.21,7.56,€
6831,6433393,bio-e-escolhas-alimentares,Gelatina em Pó de Frutos do Bosque,0.031,KG,2.09,67.42,€
6833,5772642,bio-e-escolhas-alimentares,Granola Aveia com Frutos Secos Cruesli,0.375,KG,4.99,13.31,€
6834,5247119,bio-e-escolhas-alimentares,Bolachas de Chocolate com Recheio de Creme,0.22,KG,1.69,7.68,€
6835,6032677,bio-e-escolhas-alimentares,Milho Doce sem Glúten,0.225,KG,2.74,13.05,€
6836,7071646,bio-e-escolhas-alimentares,Refrigerante com Gás Cola Zero,4.0,LT,2.8,3.50,€
6837,7523826,bio-e-escolhas-alimentares,Ice Tea Pêssego sem Açúcar,2.0,LT,5.42,1.35,€
6838,7382585,bio-e-escolhas-alimentares,Acelga Biológica,0.5,KG,1.99,3.98,€
6839,6471064,bio-e-escolhas-alimentares,Biscoitos Linhaça e Curcuma,0.22,KG,2.85,12.95,€
6840,2953024,bio-e-escolhas-alimentares,Tablete de Chocolate Excellence 85% Cacau,0.1,KG,2.99,29.90,€
6841,6270919,bio-e-escolhas-alimentares,Pastilhas Elásticas Max Slab Framboesa Limão,0.023,KG,0.99,43.04,€
6842,6553175,bio-e-escolhas-alimentares,Barras de Cereais Proteína Amendoim e Chocolate sem Glúten,0.16,KG,3.99,24.94,€
6843,7545586,bio-e-escolhas-alimentares,Bolachas Digestivas de Aveia com Chocolate de Leite Finas,0.15,KG,2.69,17.93,€
6844,7389954,bio-e-escolhas-alimentares,Sal Rosa dos Himalaias Fino,1.0,KG,1.91,1.91,€
6845,2148848,bio-e-escolhas-alimentares,Doce Morango Light,0.34,KG,1.69,4.97,€
6846,7399261,bio-e-escolhas-alimentares,Bolachas Marinhas Chia,0.2,KG,2.39,11.95,€
6847,7545585,bio-e-escolhas-alimentares,Bolachas com Cobertura Chocolate Argolas,0.15,KG,2.49,16.60,€
6848,4613405,bio-e-escolhas-alimentares,Arroz Agulha Pronto a Comer sem Glúten,2.0,KG,1.45,5.80,€
6849,5957631,bio-e-escolhas-alimentares,Refrigerante com Gás Cola Zero Açúcar,6.0,LT,3.19,1.61,€
6850,7057187,bio-e-escolhas-alimentares,Azeite Virgem Extra,0.5,LT,3.76,7.52,€
6851,5772641,bio-e-escolhas-alimentares,Granola Aveia com Chocolate Cruesli,0.375,KG,4.99,13.31,€
6852,5553145,bio-e-escolhas-alimentares,Gelado Calippo Morango,0.525,LT,2.49,4.74,€
6853,6083182,bio-e-escolhas-alimentares,Quinoa Tricolor,0.25,KG,3.49,13.96,€
6854,2002451,bio-e-escolhas-alimentares,Molho Piri-piri sem Glúten,0.195,LT,1.19,6.10,€
6855,5715886,bio-e-escolhas-alimentares,Bolachas Chiquilín,0.175,KG,2.29,13.09,€
6856,4322899,bio-e-escolhas-alimentares,Massa de Pimentão sem Glúten,0.2,KG,0.85,4.25,€
6857,5612272,bio-e-escolhas-alimentares,Pastilhas Elásticas de Spearmint,0.0165,KG,0.99,58.24,€
6858,7367949,bio-e-escolhas-alimentares,Tablete Chocolate Negro 74%,0.1,KG,1.15,11.50,€
6859,2004151,bio-e-escolhas-alimentares,Caldo de Carne Cubos sem Glúten,16.0,KG,2.49,15.56,€
6860,7295971,bio-e-escolhas-alimentares,Fiambre Peito de Frango Baixo teor de Sal,0.15,KG,2.59,17.27,€
6861,7093716,bio-e-escolhas-alimentares,Iogurte Líquido Proteína Café,0.3,KG,1.87,6.23,€
6862,7612912,bio-e-escolhas-alimentares,Barra Proteína Vegetal Chocolate Negro de Framboesa Zero,0.055,KG,1.99,36.18,€
6863,7023726,bio-e-escolhas-alimentares,Ervilhas sem Glúten,0.481,KG,2.49,9.96,€
6865,7622417,bio-e-escolhas-alimentares,Yofu Soja Manga sem Açúcar,0.135,KG,1.16,8.59,€
6866,6750401,bio-e-escolhas-alimentares,Wrap de Trigo,0.37,KG,1.75,4.73,€
6867,6403609,bio-e-escolhas-alimentares,Manteiga de Amendoim,1.0,KG,5.99,5.99,€
6868,7383026,bio-e-escolhas-alimentares,Iogurte Magro Aroma Morango e Ananás,0.96,KG,2.35,2.45,€
6869,2175307,bio-e-escolhas-alimentares,Molho Picante Jalapenho sem Glúten,0.057,LT,3.19,55.96,€
6870,7033171,bio-e-escolhas-alimentares,Bolachas Crocantes Diet Nature,0.28,KG,3.19,11.39,€
6871,7324686,bio-e-escolhas-alimentares,Gomas Sortido Ácido sem Glúten,0.3,KG,1.59,5.30,€
6872,2811336,bio-e-escolhas-alimentares,Bolachas Cracker Integrais,0.5,KG,3.54,7.08,€
6873,5568608,bio-e-escolhas-alimentares,Suplemento BCAA'S Comprimidos,180.0,UN,22.94,0.13,€
6874,6820267,bio-e-escolhas-alimentares,Cornitas de Feijão Preto sem Glúten,0.09,UN,1.79,19.89,€
6875,6830347,bio-e-escolhas-alimentares,Puré de Maçã para Sobremesas,0.73,KG,3.59,4.92,€
6876,6980120,bio-e-escolhas-alimentares,Tablete de Chocolate Negro 72% Cacau,0.2,KG,1.79,8.95,€
6877,7436770,bio-e-escolhas-alimentares,Orégãos Folha em Frasco,0.008,KG,1.79,223.75,€
6878,7140425,bio-e-escolhas-alimentares,"Doce Maçã, Canela e Gengibre",0.28,KG,2.99,10.68,€
6879,2581047,bio-e-escolhas-alimentares,Drageias de Peppermint,0.008,KG,1.39,173.75,€
6880,5968608,bio-e-escolhas-alimentares,Tortitas de Arroz Integral com Sal sem Glúten,0.13,KG,0.79,6.08,€
6881,5884009,bio-e-escolhas-alimentares,Massa Penne Integral,0.5,KG,2.5,5.00,€
6882,7324689,bio-e-escolhas-alimentares,Gomas Sortido Açúcar sem Glúten,0.3,KG,1.59,5.30,€
6883,4310318,bio-e-escolhas-alimentares,Veggie Fingers,0.284,KG,2.99,10.53,€
6884,5296290,bio-e-escolhas-alimentares,Pão Clássico sem Glúten,0.3,KG,3.46,11.53,€
6885,5884888,bio-e-escolhas-alimentares,Almôndegas de Vaca sem Glúten,0.45,KG,8.48,18.84,€
6886,2104483,bio-e-escolhas-alimentares,Caldo de Legumes Cubos sem Glúten,8.0,KG,2.3,28.75,€
6887,2501539,bio-e-escolhas-alimentares,Cereais Special K Frutos Vermelhos,0.3,KG,2.84,9.47,€
6888,5902827,bio-e-escolhas-alimentares,Gelatina em Pó Zero% de Tangerina,0.028,KG,1.04,37.14,€
6889,7399256,bio-e-escolhas-alimentares,Bolachas Marinhas Linhaça,0.2,KG,2.39,11.95,€
6890,5883238,bio-e-escolhas-alimentares,Snack Mini Chia sem Glúten,0.05,KG,1.69,33.80,€
6891,5597483,bio-e-escolhas-alimentares,Bolachas Golden Recheio de Creme,0.154,KG,1.79,11.62,€
6892,5026373,bio-e-escolhas-alimentares,Pastilhas Elásticas 60 Minutos Spearmint,0.02,KG,1.09,54.50,€
6893,4677220,bio-e-escolhas-alimentares,Lentilhas Verdes,0.5,KG,3.49,6.98,€
6894,7723306,bio-e-escolhas-alimentares,Bolachas Marinheiras Natural,0.2,KG,2.49,12.45,€
6895,7622315,bio-e-escolhas-alimentares,Yofu Soja Frutos Vermelhos sem Açúcar,0.135,KG,1.16,8.59,€
6896,7324671,bio-e-escolhas-alimentares,Gomas Sortido Brilho sem Glúten,0.3,KG,1.59,5.30,€
6897,7365963,bio-e-escolhas-alimentares,Yofu Coco e Ananás,0.12,KG,1.45,12.08,€
6898,6709789,bio-e-escolhas-alimentares,Tortitas de Arroz e Quinoa Vermelha sem Glúten,0.13,KG,1.29,9.92,€
6899,5358916,bio-e-escolhas-alimentares,Massa Esparguete sem Glúten,0.5,KG,2.53,5.06,€
6900,7442169,bio-e-escolhas-alimentares,Crispy Hambúrgueres de Proteína Vegetal,0.2,KG,3.99,19.95,€
6901,7383158,bio-e-escolhas-alimentares,Gelatina Frutas Tropicais 0% Açúcar,0.056,KG,0.99,31.94,€
6902,5246089,bio-e-escolhas-alimentares,Bolachas Marinheiras Integrais,0.2,KG,2.14,10.70,€
6903,4000136,bio-e-escolhas-alimentares,Mostarda Dijon Original em Vidro,0.215,KG,3.99,18.56,€
6904,7140422,bio-e-escolhas-alimentares,Doce Pêssego,0.28,KG,2.99,10.68,€
6905,6968460,bio-e-escolhas-alimentares,Tortitas de Arroz Integral e Quinoa sem Glúten,0.13,KG,1.49,11.46,€
6906,6473579,bio-e-escolhas-alimentares,Bolachas Soft Bakes Recheadas de Morango,0.25,KG,3.35,13.40,€
6907,3749297,bio-e-escolhas-alimentares,Bolachas Maria,0.35,KG,2.99,8.54,€
6908,6786392,bio-e-escolhas-alimentares,Tablete de Chocolate Negro Sal Marinho,0.09,KG,2.99,33.22,€
6909,7399255,bio-e-escolhas-alimentares,Bolachas Marinhas Naturais,0.2,KG,2.39,11.95,€
6910,7017310,bio-e-escolhas-alimentares,Snack de Lentilhas Vermelhas e Grão de Bico sem Glúten,0.045,KG,2.29,50.89,€
6911,5508371,bio-e-escolhas-alimentares,Veggie Hambúrgueres,0.25,KG,2.99,11.96,€
6912,6617964,bio-e-escolhas-alimentares,Proteína Whey Fusion Morango,0.9,KG,27.99,31.10,€
6914,7390423,bio-e-escolhas-alimentares,Especialidade Vegwurst Frasco sem Glúten,0.697,KG,3.99,15.96,€
6915,7478831,bio-e-escolhas-alimentares,Creme de Barrar,0.2,KG,3.49,17.45,€
6916,4675140,bio-e-escolhas-alimentares,Sopa de Cebola,0.05,KG,1.59,31.80,€
6917,4228882,bio-e-escolhas-alimentares,Tofu Natural,0.35,KG,2.99,8.54,€
6918,6930618,bio-e-escolhas-alimentares,Salsichas de Aves Hot Dog Frasco 4 un sem Glúten,0.707,KG,2.99,14.24,€
6919,7305308,bio-e-escolhas-alimentares,"Papas de Aveia, Manga e Maçã Saqueta",0.11,KG,1.35,13.50,€
6920,2004155,bio-e-escolhas-alimentares,Caldo de Carne Cubos sem Glúten,24.0,KG,4.99,20.79,€
6922,7168033,bio-e-escolhas-alimentares,Snack Lentilhas e Milho +12M,0.05,KG,1.91,38.20,€
6923,7540911,bio-e-escolhas-alimentares,Mousse Proteína Caramelo Salgado e Chocolate,0.2,KG,2.39,11.95,€
6924,3834625,bio-e-escolhas-alimentares,Rebuçados Citrus Mix,0.032,KG,0.94,29.38,€
6925,6831362,bio-e-escolhas-alimentares,Moinho Pimenta Preta,0.03,KG,3.36,112.00,€
6926,7188319,bio-e-escolhas-alimentares,Adoçante Green 50 Sticks,0.08,KG,1.99,26.53,€
6927,6118233,bio-e-escolhas-alimentares,Flocos de Aveia Finos sem Glúten,0.4,KG,1.87,4.68,€
6928,7599432,bio-e-escolhas-alimentares,Iogurte +Proteína Stracciatella,0.18,KG,0.83,4.61,€
6929,5080732,bio-e-escolhas-alimentares,Marmelada Light,0.4,KG,3.49,8.73,€
6930,6772178,bio-e-escolhas-alimentares,Rebuçados de Canela,0.032,KG,0.94,29.38,€
6931,4637127,bio-e-escolhas-alimentares,Bolachas Digestivas de Aveia,0.41,KG,4.49,10.95,€
6932,6903250,bio-e-escolhas-alimentares,Quinoa Real,0.5,KG,2.99,5.98,€
6933,7251776,bio-e-escolhas-alimentares,Bolachas Cracker 5 Cereais,0.15,KG,2.29,15.27,€
6934,5696985,bio-e-escolhas-alimentares,Hambúrguer de Frango sem Glúten,0.24,KG,3.76,15.67,€
6935,7321848,bio-e-escolhas-alimentares,Waffles Cobertos com Chocolate,6.0,KG,3.99,22.17,€
6936,7677393,bio-e-escolhas-alimentares,Iogurte Líquido Cremoso Magro Morango,0.604,KG,1.77,2.93,€
6937,6801816,bio-e-escolhas-alimentares,"Iogurte Magro Aroma Morango, Kiwi e Manga",0.72,KG,1.87,3.90,€
6938,5296404,bio-e-escolhas-alimentares,Pão Caseiro sem Glúten,0.24,KG,4.41,18.38,€
6939,5515856,bio-e-escolhas-alimentares,Granola Frutos Vermelhos,0.35,KG,4.99,14.26,€
6940,6211747,bio-e-escolhas-alimentares,Manteiga de Amendoim Crocante,0.5,KG,3.49,6.98,€
6941,7389930,bio-e-escolhas-alimentares,Sal Rosa dos Himalaias Grosso,1.0,KG,1.83,1.83,€
6942,7104853,bio-e-escolhas-alimentares,Iogurte Líquido Proteína Kvarg Pro+ Frutos Tropicais,0.33,KG,1.6,4.85,€
6943,7520873,bio-e-escolhas-alimentares,Hambúrguer Vegan Sabor a Carne,0.218,KG,3.99,18.30,€
6944,7357121,bio-e-escolhas-alimentares,Couve Flor Biológica,0.5,KG,2.99,5.98,€
6945,5211679,bio-e-escolhas-alimentares,Gelatina em Pó Light de Pêssego,2.0,KG,2.09,69.67,€
6946,6625786,bio-e-escolhas-alimentares,Fiambre da Perna Extra Fatiado Teor de Sal Reduzido,0.11,KG,2.19,19.91,€
6947,2555563,bio-e-escolhas-alimentares,Queijo Fresco Médio Magro,0.18,KG,1.68,8.40,€
6948,2964847,bio-e-escolhas-alimentares,Sementes de Girassol Biológicas,0.2,KG,0.99,4.95,€
6949,6618833,bio-e-escolhas-alimentares,Pimenta Preta Moída,0.043,KG,2.61,60.70,€
6950,6831338,bio-e-escolhas-alimentares,Cebolinho,0.004,KG,2.01,502.50,€
6951,6553174,bio-e-escolhas-alimentares,Barras de Cereais Crunchy Aveia e Chocolate Negro,0.21,KG,3.19,15.19,€
6952,7182949,bio-e-escolhas-alimentares,Doce Abóbora,0.28,KG,3.29,11.75,€
6953,7657114,bio-e-escolhas-alimentares,Iogurte Líquido Cremoso Magro Laranja e Limão,0.604,KG,1.77,2.93,€
6955,2076346,bio-e-escolhas-alimentares,Bolachas com Recheio de Morango La Barquette,0.12,KG,2.29,19.08,€
6956,7367975,bio-e-escolhas-alimentares,Rebentos de Feijão Mungo sem Glúten,0.222,KG,0.85,7.73,€
6957,6577347,bio-e-escolhas-alimentares,Petit Gâteau de Chocolate Negro,0.32,KG,3.29,10.28,€
6958,7621913,bio-e-escolhas-alimentares,Queijo Fresco Cottage Light,0.18,KG,1.5,8.33,€
6959,6555748,bio-e-escolhas-alimentares,Marinheiras sem Sal,0.2,KG,2.99,14.95,€
6960,7636307,bio-e-escolhas-alimentares,Iogurte Skyr Natural,0.4,KG,1.59,3.98,€
6961,7526169,bio-e-escolhas-alimentares,Hambúrguer Panado Vegan Sabor a Frango,0.18,KG,3.09,17.17,€
6962,7554082,bio-e-escolhas-alimentares,L-Carnitine 3000 Melancia,20.0,UN,25.99,1.30,€
6963,7251249,bio-e-escolhas-alimentares,Bolachas Organic Cookies,0.15,KG,2.74,18.27,€
6964,6508562,bio-e-escolhas-alimentares,Cereais Golden Grahams,0.375,KG,4.49,11.97,€
6965,6355123,bio-e-escolhas-alimentares,Queijo Fresco Longa Duração Light,0.25,KG,2.16,8.64,€
6967,7127129,bio-e-escolhas-alimentares,Iogurte Grego Natural Açucarado sem Lactose,0.24,KG,1.5,6.25,€
6968,7071995,bio-e-escolhas-alimentares,Chili Vegetariano com Arroz Selvagem,0.3,KG,3.99,12.09,€
6969,7140423,bio-e-escolhas-alimentares,Doce Abóbora,0.28,KG,2.99,10.68,€
6970,7525842,bio-e-escolhas-alimentares,Queijo Fresco Magro,0.08,KG,0.55,6.88,€
6971,7026831,bio-e-escolhas-alimentares,Hambúrguer Vegetariano de Beringela,0.16,KG,4.39,27.44,€
6972,6917735,bio-e-escolhas-alimentares,Tortilhas sem Glúten,0.216,KG,3.49,16.16,€
6973,6453846,bio-e-escolhas-alimentares,Bebida Vegetal de Amêndoa e Chocolate,3.0,LT,3.66,6.10,€
6974,4930351,bio-e-escolhas-alimentares,Doce Extra Tomate Light,0.34,KG,1.69,4.97,€
6975,6905140,bio-e-escolhas-alimentares,Maionese sem Glúten,0.27,KG,3.09,11.44,€
6976,7599434,bio-e-escolhas-alimentares,Iogurte +Proteína Baunilha,0.18,KG,0.83,4.61,€
6977,4069066,bio-e-escolhas-alimentares,Bolachas Digestivas Muesli,0.365,KG,1.64,4.49,€
6978,6161830,bio-e-escolhas-alimentares,Molho Barbecue Sweet Top Down,0.49,KG,4.59,9.18,€
6980,5752446,bio-e-escolhas-alimentares,Iogurte Pedaços Romã,0.15,KG,1.65,11.00,€
6981,4322898,bio-e-escolhas-alimentares,Massa de Tempero de Vinha de Alho sem Glúten,0.2,KG,0.85,4.25,€
6982,7346636,bio-e-escolhas-alimentares,Preparado para Mariscada Ultracongelado,0.7,KG,5.65,8.07,€
6983,7180369,bio-e-escolhas-alimentares,Whey Protein Fusion Bolacha e Nata,0.9,KG,27.99,31.10,€
6984,2113690,bio-e-escolhas-alimentares,Beterraba em Vinagre sem Glúten,0.345,KG,1.49,8.28,€
6985,6403753,bio-e-escolhas-alimentares,Proteína Whey Fusion Chocolate,0.9,KG,27.99,31.10,€
6986,7183105,bio-e-escolhas-alimentares,Tortitas de Arroz sem Sal sem Glúten,0.13,KG,0.79,6.08,€
6987,6437989,bio-e-escolhas-alimentares,Bebida Vegetal de Aveia,3.0,LT,1.12,1.87,€
6988,7227866,bio-e-escolhas-alimentares,Bolachas Mini Choco Chips,0.075,KG,1.04,13.87,€
6989,7612915,bio-e-escolhas-alimentares,Barra Proteína Vegetal Cookies & Cream Zero,0.055,KG,1.99,36.18,€
6991,7095880,bio-e-escolhas-alimentares,Tortitas Vitalday de Arroz com Iogurte sem Glúten,0.125,KG,2.44,2.44,€
6992,5958774,bio-e-escolhas-alimentares,Iogurte Aroma Baunilha,0.15,KG,0.83,5.53,€
6993,6894726,bio-e-escolhas-alimentares,Bolachas Nutríssimas de Canela,0.19,KG,2.59,13.63,€
6994,2148197,bio-e-escolhas-alimentares,Bolachas Cream Cracker Integrais,0.2,KG,0.79,3.95,€
6995,7466427,bio-e-escolhas-alimentares,Maionese sem Glúten,0.25,LT,1.49,5.96,€
6996,7448007,bio-e-escolhas-alimentares,Pudim Proteico Caramelo,0.18,KG,1.99,11.06,€
6998,2934386,bio-e-escolhas-alimentares,Pastilhas Elásticas White Spearmint,1.0,KG,0.99,66.00,€
7000,7398267,bio-e-escolhas-alimentares,Bolacha Maria,0.6,KG,3.29,5.48,€
7001,2520032,bio-e-escolhas-alimentares,Néctar Manga e Laranja com Stevia,0.33,LT,0.67,2.03,€
7002,6718372,bio-e-escolhas-alimentares,Wrap de Trigo,0.32,KG,1.64,5.12,€
7003,4995270,bio-e-escolhas-alimentares,Fermento de Padeiro sem Glúten,4.0,KG,1.74,39.55,€
7004,7298540,bio-e-escolhas-alimentares,Especialidade de Tofu Lata 8 un sem Glúten,0.424,KG,2.79,17.44,€
7005,7534014,bio-e-escolhas-alimentares,Salsichas de Proteína Vegetal,0.2,KG,2.49,12.45,€
7006,7068487,bio-e-escolhas-alimentares,Granola de Aveia Integral e Mel,0.3,KG,3.69,12.30,€
7007,5885081,bio-e-escolhas-alimentares,Tablete de Chocolate 75% Cacau com Açúcar de Coco,0.08,KG,3.09,38.63,€
7008,7466367,bio-e-escolhas-alimentares,Pepitas de Chocolate 70% Cacau sem Glúten,0.2,KG,2.59,12.95,€
7009,6395332,bio-e-escolhas-alimentares,Mistura de Condimentos para Fajitas sem Glúten,0.03,KG,1.39,46.33,€
7010,7538298,bio-e-escolhas-alimentares,Morango Biológico,0.3,KG,1.79,5.97,€
7011,2005271,bio-e-escolhas-alimentares,Chocolate em Pó sem Glúten,0.125,KG,1.04,8.32,€
7012,5870516,bio-e-escolhas-alimentares,Leite de Coco,0.4,LT,2.99,7.48,€
7013,6271200,bio-e-escolhas-alimentares,Pastilhas Elásticas Max Slab Melancia Pêssego,0.023,KG,0.99,43.04,€
7014,5734815,bio-e-escolhas-alimentares,Muesli Crunchy Frutos Secos,0.5,KG,2.49,4.98,€
7015,6908705,bio-e-escolhas-alimentares,Molho de Tomate e Ricotta sem Glúten,0.4,KG,4.99,12.48,€
7016,6581829,bio-e-escolhas-alimentares,Chá Verde Saquetas,10.0,UN,1.09,0.11,€
7017,5515663,bio-e-escolhas-alimentares,Bolachas Cereais Integrais Diet Nature,0.216,KG,3.29,15.23,€
7018,2936414,bio-e-escolhas-alimentares,Pastilhas Elásticas Frutos Silvestres,4.0,KG,2.79,49.82,€
7019,7625780,bio-e-escolhas-alimentares,Barras de Cereais Chocolate e Amêndoa Fitness,0.141,KG,1.99,14.11,€
7020,2963777,bio-e-escolhas-alimentares,Patê de Frango sem Glúten,0.075,KG,1.84,24.53,€
7021,7168030,bio-e-escolhas-alimentares,"Saqueta de Fruta Maçã, Banana e Cenoura +4M",0.1,KG,1.08,10.80,€
7022,2601429,bio-e-escolhas-alimentares,Bolachas de Fibra Integrais Diet Nature,0.15,KG,3.19,18.76,€
7023,7165414,bio-e-escolhas-alimentares,Doce Pêssego,0.28,KG,3.29,11.75,€
7025,7465340,bio-e-escolhas-alimentares,Pizza The Good Baker Veggie Mix,0.39,KG,5.89,15.10,€
7026,7104854,bio-e-escolhas-alimentares,Iogurte Líquido Proteína Kvarg Pro+ Banana e Noz,0.33,KG,1.6,4.85,€
7027,5883240,bio-e-escolhas-alimentares,Snack Mini de Milho e Quinoa sem Glúten,0.05,KG,1.69,33.80,€
7028,6161840,bio-e-escolhas-alimentares,Molho Barbecue Clássico Top Down,0.48,KG,4.59,9.56,€
7029,7521862,bio-e-escolhas-alimentares,Gelado Calippo Cola,0.105,LT,2.49,4.74,€
7030,7080452,bio-e-escolhas-alimentares,Tortitas de Arroz com Chocolate Preto,4.0,KG,2.29,19.08,€
7031,7614133,bio-e-escolhas-alimentares,Kit Vegetariano Tagliatelle BoloNew!,0.408,KG,4.99,12.23,€
7032,7523119,bio-e-escolhas-alimentares,Proteína Whey Concentrada de Chocolate,1.0,KG,24.99,24.99,€
7033,7519999,bio-e-escolhas-alimentares,Pão de Forma sem Glúten,0.3,KG,2.44,8.13,€
7034,5030820,bio-e-escolhas-alimentares,Tortitas de Milho,0.06,KG,1.0,16.67,€
7036,7484738,bio-e-escolhas-alimentares,Couve Branca Biológica,0.7,KG,2.99,4.27,€
7037,5649262,bio-e-escolhas-alimentares,Bolachas Soft Bakes Frutos Vermelhos,0.25,KG,3.35,13.40,€
7038,7403454,bio-e-escolhas-alimentares,Gelatina Morango 0% Açúcar,0.031,KG,0.99,31.94,€
7039,6624414,bio-e-escolhas-alimentares,Pastilhas Elásticas Morango,0.0238,KG,1.19,49.58,€
7040,7424578,bio-e-escolhas-alimentares,Iogurte Magro Natural sem Lactose,0.5,KG,1.21,2.42,€
7041,7361214,bio-e-escolhas-alimentares,Bolachas Pequeno Almoço Cereais,0.3,KG,1.99,6.63,€
7042,5895829,bio-e-escolhas-alimentares,Iogurte Aroma Framboesa e Sabugueiro,0.4,KG,2.25,5.63,€
7043,5210300,bio-e-escolhas-alimentares,Barras de Cereais Multicereais Chocolate de Leite Sarialis sem Glúten,0.12,KG,3.71,47.56,€
7044,5476888,bio-e-escolhas-alimentares,Yofu Soja Natural com Amêndoa,0.5,KG,2.82,5.64,€
7046,7284577,bio-e-escolhas-alimentares,Batata Biológica,2.0,KG,2.99,1.50,€
7047,6379131,bio-e-escolhas-alimentares,Pão Espelta Integral,0.45,KG,3.23,7.18,€
7048,6185807,bio-e-escolhas-alimentares,Mostarda Dijon Frasco,0.19,KG,2.69,14.16,€
7049,7188279,bio-e-escolhas-alimentares,"Tortitas Vitalday de Arroz, Chocolate e Coco sem Glúten",0.1176,KG,2.89,24.70,€
7051,5666328,bio-e-escolhas-alimentares,Gelatina em Pó de Mirtilo,0.031,KG,2.09,67.42,€
7052,7359696,bio-e-escolhas-alimentares,Tablete de Chocolate Culinária 85%,0.2,KG,2.19,10.95,€
7053,2060101,bio-e-escolhas-alimentares,Cereais Cheerios Integrais Multi,0.375,KG,2.99,7.97,€
7054,6319590,bio-e-escolhas-alimentares,Massa Esparguete,0.5,KG,1.97,3.94,€
7055,7529442,bio-e-escolhas-alimentares,Douradinhos Vegan,0.336,KG,3.99,11.88,€
7056,5550365,bio-e-escolhas-alimentares,Rebuçados de Melancia sem Glúten,4.0,KG,2.99,23.36,€
7057,7027036,bio-e-escolhas-alimentares,Hambúrguer Vegetariano com Pimentos Assados,0.16,KG,4.39,27.44,€
7058,5895629,bio-e-escolhas-alimentares,Tortitas de Arroz 3 Cereais sem Glúten,0.13,KG,1.87,14.38,€
7059,5245102,bio-e-escolhas-alimentares,Flocos Aveia Grossos Integral,0.4,KG,1.19,2.98,€
7060,7577476,bio-e-escolhas-alimentares,Chá Diário Drenante sem Glúten,60.0,UN,29.99,29.99,€
7061,5344022,bio-e-escolhas-alimentares,Suplemento ZMA Cápsulas,90.0,UN,23.99,0.27,€
7062,7366348,bio-e-escolhas-alimentares,Maçã Gala Biológica,0.5,KG,1.99,3.98,€
7063,7523115,bio-e-escolhas-alimentares,Proteína Whey Concentrada de Baunilha,1.0,KG,24.99,24.99,€
7064,7156318,bio-e-escolhas-alimentares,Panqueca Instantânea,1.25,KG,22.99,18.39,€
7065,7094371,bio-e-escolhas-alimentares,Crackies Mini de Milho com Sal sem Glúten,0.2,KG,2.62,13.10,€
7066,7140420,bio-e-escolhas-alimentares,Doce Morango,0.28,KG,2.99,10.68,€
7067,6338225,bio-e-escolhas-alimentares,Bolachas Aveia,0.25,KG,2.99,11.96,€
7068,7363135,bio-e-escolhas-alimentares,Hambúrguer Powered By Plants,0.4,KG,5.49,13.73,€
7069,4886486,bio-e-escolhas-alimentares,Gelado Calippo Mix,0.525,LT,2.49,4.74,€
7070,6783983,bio-e-escolhas-alimentares,Iogurte Grego Magro Natural,0.44,KG,2.35,5.34,€
7071,5877167,bio-e-escolhas-alimentares,Pastilhas Elásticas Max Splash Strawberry Lime,0.022,KG,1.09,49.55,€
7072,6173733,bio-e-escolhas-alimentares,Hambúrguer de Cogumelos,0.16,KG,3.39,21.19,€
7073,6632939,bio-e-escolhas-alimentares,Snack Bolacha e Nata Proteína,0.03,KG,0.79,26.33,€
7074,5515843,bio-e-escolhas-alimentares,Granola Cereais Dourados,0.35,KG,2.99,8.54,€
7075,7584004,bio-e-escolhas-alimentares,Bebida de Chocolate Solúvel sem Glúten,0.7,KG,6.99,9.99,€
7076,7271628,bio-e-escolhas-alimentares,Massa Macarrão Penne,0.5,KG,1.31,2.62,€
7078,5895827,bio-e-escolhas-alimentares,Iogurte Aroma Manga e Baunilha,0.4,KG,2.25,5.63,€
7079,7523117,bio-e-escolhas-alimentares,Proteína Whey Concentrada de Morango,1.0,KG,24.99,24.99,€
7081,6786166,bio-e-escolhas-alimentares,Tablete de Chocolate Negro 70% Cacau,0.09,KG,2.99,33.22,€
7082,7363139,bio-e-escolhas-alimentares,Nuggets Powered By Plants,0.368,KG,5.49,14.92,€
7083,7429767,bio-e-escolhas-alimentares,Madalenas sem Glúten,0.21,KG,2.99,14.24,€
7084,6851067,bio-e-escolhas-alimentares,Gelado Amêndoa Vegan,0.27,LT,5.49,20.33,€
7085,7046011,bio-e-escolhas-alimentares,Marinheiras,0.2,KG,2.99,14.95,€
7086,4373767,bio-e-escolhas-alimentares,Feijão com Chouriço sem Glúten,0.42,KG,2.29,5.45,€
7087,4017382,bio-e-escolhas-alimentares,Rebuçados de Mentol sem Glúten,0.25,KG,2.19,8.76,€
7088,5902731,bio-e-escolhas-alimentares,Gelatina em Pó Zero% de Morango Silvestre,0.028,KG,1.04,37.14,€
7089,7543687,bio-e-escolhas-alimentares,Iogurte Aroma Frutos Vermelhos,0.5,KG,1.4,2.80,€
7090,6462338,bio-e-escolhas-alimentares,Flocos Aveia Integral,0.5,KG,2.99,5.98,€
7091,6615626,bio-e-escolhas-alimentares,Cereais Pétalas de Chocolate,0.375,KG,1.69,4.51,€
7092,6688386,bio-e-escolhas-alimentares,Tablete de Chocolate Culinária 85% sem Glúten,0.2,KG,3.09,15.45,€
7093,5046346,bio-e-escolhas-alimentares,Ketchup Top Down sem Glúten,0.25,KG,1.69,6.76,€
7094,5948636,bio-e-escolhas-alimentares,Empanadilha Espinafres e Queijo,0.33,KG,4.39,13.30,€
7095,7096539,bio-e-escolhas-alimentares,Manteiga de Amendoim Crunchy sem Glúten,0.34,KG,4.49,13.21,€
7096,7628072,bio-e-escolhas-alimentares,Pudim Proteína Caramelo Salgado,0.2,KG,1.49,7.45,€
7097,4022143,bio-e-escolhas-alimentares,Rebuçados de Limão e Melisa sem Glúten,0.1,KG,2.59,25.90,€
7099,5593796,bio-e-escolhas-alimentares,Hambúrgueres de Vaca sem Glúten,0.32,KG,3.76,11.75,€
7100,5411520,bio-e-escolhas-alimentares,Molho de Soja,0.15,LT,4.09,27.27,€
7101,7184412,bio-e-escolhas-alimentares,Gelado Manga 100% Fruta,0.24,LT,2.49,10.38,€
7102,5344104,bio-e-escolhas-alimentares,Tofu Natural sem Glúten,0.25,KG,2.99,11.96,€
7103,7064813,bio-e-escolhas-alimentares,Soja em Pedaços Molho Mediterrâneo,0.18,KG,3.99,22.17,€
7104,6679439,bio-e-escolhas-alimentares,Chocolate Zero de Leite,0.03,KG,0.99,33.00,€
7105,6831305,bio-e-escolhas-alimentares,Manjericão,0.011,KG,2.01,182.73,€
7106,7393891,bio-e-escolhas-alimentares,Barras de Cereais Go Free Corn Flakes sem Glúten,0.088,KG,1.4,15.91,€
7107,6542725,bio-e-escolhas-alimentares,Barras de Cereais Crunchy Aveia e Mel,0.21,KG,3.19,15.19,€
7108,7115209,bio-e-escolhas-alimentares,Iogurte Proteína Kvarg Pro+ Morango e Lima,0.15,KG,0.88,5.87,€
7109,7682241,bio-e-escolhas-alimentares,"Iogurte Magro Aroma Coco, Manga e Pêssego",0.96,KG,2.34,2.44,€
7110,6709785,bio-e-escolhas-alimentares,Tortitas de Arroz Multicereais sem Glúten,0.13,KG,1.29,9.92,€
7111,7394706,bio-e-escolhas-alimentares,Cereais All Bran Fibre Plus,0.5,KG,4.39,8.78,€
7112,4506391,bio-e-escolhas-alimentares,Bolachas Crackers com Sal,0.25,KG,2.29,9.16,€
7113,7204513,bio-e-escolhas-alimentares,Gengibre em Pasta sem Glúten,0.21,KG,2.8,13.33,€
7114,5468975,bio-e-escolhas-alimentares,Bombons de Chocolate Sortidos de Chocolate com Recheio,0.2,KG,2.99,14.95,€
7115,5313099,bio-e-escolhas-alimentares,Nestlé Sobremesas Tablete de Chocolate Culinária 44%,0.2,KG,2.12,10.60,€
7116,5895732,bio-e-escolhas-alimentares,Grão de Bico,0.5,KG,3.0,6.00,€
7117,6561373,bio-e-escolhas-alimentares,Hambúrguer de Caril,0.16,KG,3.39,21.19,€
7118,4693143,bio-e-escolhas-alimentares,Bolachas Recheadas Duplo Creme,0.185,KG,1.79,9.68,€
7119,5652560,bio-e-escolhas-alimentares,Bolo de Arroz sem Glúten,0.225,KG,3.56,15.82,€
7120,7497972,bio-e-escolhas-alimentares,Pastilhas Elásticas de Menta,0.021,KG,1.99,94.76,€
7121,5714928,bio-e-escolhas-alimentares,Açúcar Mascavado com Stevia,0.5,KG,3.45,6.90,€
7122,6819560,bio-e-escolhas-alimentares,Flocos Aveia Integral Finos,0.4,KG,1.29,3.23,€
7123,7455630,bio-e-escolhas-alimentares,Queijo Brie sem Lactose,0.125,KG,3.1,24.80,€
7124,7026920,bio-e-escolhas-alimentares,Hambúrguer Vegetariano de Espinafres,0.16,KG,4.39,27.44,€
7125,5895603,bio-e-escolhas-alimentares,Biscoitos Coco,0.22,KG,2.59,11.77,€
7126,6618096,bio-e-escolhas-alimentares,Snack Proteína Caramelo,0.03,KG,0.79,26.33,€
7128,2480468,bio-e-escolhas-alimentares,Ketchup Squeezable sem Glúten,0.342,KG,2.43,7.11,€
7129,7298459,bio-e-escolhas-alimentares,Iogurte Polpa Manga sem Lactose,0.48,KG,2.48,5.17,€
7130,5895823,bio-e-escolhas-alimentares,Iogurte Natural,0.125,KG,1.14,9.12,€
7131,7618694,bio-e-escolhas-alimentares,Iogurte Líquido Proteína Kvarg Pro+ Caramelo,0.33,KG,1.6,4.85,€
7133,6262348,bio-e-escolhas-alimentares,Café Moído Torrado Moagem Universal Int 7,0.22,KG,4.79,21.77,€
7134,5726251,bio-e-escolhas-alimentares,Iogurte Líquido Natural Açucarado sem Lactose,0.68,KG,2.78,4.09,€
7135,2232384,bio-e-escolhas-alimentares,Biscoitos de Amêndoa,0.25,KG,3.09,14.05,€
7136,7612909,bio-e-escolhas-alimentares,Barra Proteína Vegetal Caramelo Zero sem Glúten,0.055,KG,1.99,36.18,€
7138,7383378,bio-e-escolhas-alimentares,Pimento Piquillo sem Glúten,0.99,KG,2.19,5.48,€
7139,5316690,bio-e-escolhas-alimentares,Drageias de Fruta sem Glúten,0.12,KG,2.4,20.00,€
7140,6207593,bio-e-escolhas-alimentares,Tapioca Hidratada sem Glúten,0.5,KG,4.49,8.98,€
7141,7466372,bio-e-escolhas-alimentares,Tablete de Chocolate Culinária Caramelo e Sal sem Glúten,0.2,KG,2.24,11.20,€
7142,7358209,bio-e-escolhas-alimentares,Bolacha 5 Cereais e Framboesa,0.16,KG,2.39,14.94,€
7143,7132683,bio-e-escolhas-alimentares,Iogurte Proteína Kvarg Chocolate Branco,0.15,KG,0.88,5.87,€
7144,3896845,bio-e-escolhas-alimentares,Molho Inglês,0.12,LT,1.69,14.08,€
7145,7188269,bio-e-escolhas-alimentares,"Tortitas Vitalday de Arroz, Chocolate e Framboesa sem Glúten",0.12240000000000001,KG,2.89,27.79,€
7146,7128715,bio-e-escolhas-alimentares,Flocos Aveia Finos Integral,0.4,KG,0.79,1.98,€
7147,7305356,bio-e-escolhas-alimentares,Papas de Aveia Banana e Maçã Saqueta,0.11,KG,1.35,13.50,€
7148,6555420,bio-e-escolhas-alimentares,Marinheiras de Chia,0.2,KG,2.99,14.95,€
7149,5895826,bio-e-escolhas-alimentares,Iogurte Aroma Baunilha,0.4,KG,2.25,5.63,€
7150,7458492,bio-e-escolhas-alimentares,Vinagre de Romã Gourmet,0.25,LT,2.0,8.00,€
7151,5962595,bio-e-escolhas-alimentares,Pizza Ristorante de Mozzarella sem Glúten,0.37,KG,5.55,15.00,€
7152,7522369,bio-e-escolhas-alimentares,Suplemento BCAA de Melancia,0.5,KG,23.75,44.81,€
7153,5477246,bio-e-escolhas-alimentares,Iogurte Pedaços Frutos do Bosque,0.15,KG,1.65,11.00,€
7154,2092984,bio-e-escolhas-alimentares,Caramelo Líquido sem Glúten,0.4,KG,1.45,3.63,€
7155,5874366,bio-e-escolhas-alimentares,Drageias Gorila Go Fresh Spearmint,0.02,UN,0.76,38.00,€
7156,7327118,bio-e-escolhas-alimentares,Gomas Colas Brilho sem Glúten,0.3,KG,1.49,4.97,€
7158,7520099,bio-e-escolhas-alimentares,Molho de Soja sem Glúten,0.15,LT,4.23,28.20,€
7159,7382507,bio-e-escolhas-alimentares,Laranja Biológica,0.75,KG,1.79,2.39,€
7160,5491937,bio-e-escolhas-alimentares,Pastilhas Elásticas Melão e Melancia,0.0145,KG,0.99,70.71,€
7161,3748953,bio-e-escolhas-alimentares,Maionese Magra Top Down sem Glúten,0.447,KG,3.69,8.26,€
7162,4322996,bio-e-escolhas-alimentares,Molho de Soja,0.15,LT,4.49,29.93,€
7163,4288821,bio-e-escolhas-alimentares,Bolachas de Chocolate com Recheio de Creme,0.154,KG,1.79,11.62,€
7164,7119429,bio-e-escolhas-alimentares,Adoçante com Stevia Doseador,100.0,KG,2.24,224.00,€
7165,7327981,bio-e-escolhas-alimentares,"Mix Amêndoa, Avelã e Passas Biológico",0.15,KG,2.99,19.93,€
7166,7232493,bio-e-escolhas-alimentares,Chá Verde Saquetas,20.0,UN,1.39,0.07,€
7167,2232432,bio-e-escolhas-alimentares,Arroz Integral,1.0,KG,4.23,4.23,€
7168,6561374,bio-e-escolhas-alimentares,Hambúrguer Goji,0.16,KG,3.39,21.19,€
7169,7274196,bio-e-escolhas-alimentares,Tofu Natural,0.3,KG,3.39,11.30,€
7170,7531136,bio-e-escolhas-alimentares,Iogurte Líquido Proteína Kvarg Pro+ Stracciatella,0.33,KG,1.6,4.85,€
7171,5884950,bio-e-escolhas-alimentares,Tablete de Chocolate 92% Cacau com Açúcar de Coco,0.08,KG,3.09,38.63,€
7172,5446515,bio-e-escolhas-alimentares,Bolachas Petit sem Glúten,4.0,KG,2.97,18.00,€
7173,7267899,bio-e-escolhas-alimentares,"Bolachas de Aveia, Coco e Chia",0.2,KG,2.39,11.95,€
7174,7130119,bio-e-escolhas-alimentares,Tortitas de Milho Doses sem Glúten,0.096,KG,0.99,10.31,€
7175,7706335,bio-e-escolhas-alimentares,Preparado para Mariscada Ultracongelado,1.0,KG,10.89,10.89,€
7176,7612908,bio-e-escolhas-alimentares,Barra Proteína Vegetal Indulgent Chocolate sem Glúten,0.055,KG,1.99,36.18,€
7177,6892594,bio-e-escolhas-alimentares,Iogurte Líquido Proteína Morango e Framboesa,0.3,KG,1.87,6.23,€
7178,7321871,bio-e-escolhas-alimentares,Waffles com Sabor a Baunilha,6.0,KG,2.99,19.93,€
7179,6553176,bio-e-escolhas-alimentares,Barras de Cereais Amendoins e Amêndoas com Caramelo Salgado sem Glúten,0.16,KG,3.99,24.94,€
7180,7575895,bio-e-escolhas-alimentares,Iogurte Pedaços Mirtilo,0.15,KG,1.65,11.00,€
7181,4846959,bio-e-escolhas-alimentares,Bolachas Maria sem Glúten,0.38,KG,2.67,7.03,€
7182,6046201,bio-e-escolhas-alimentares,Bebida Energética sem Açúcar,0.25,LT,0.49,1.96,€
7183,6753237,bio-e-escolhas-alimentares,Barra Amêndoa e Frutas sem Glúten,0.075,KG,1.59,21.20,€
7184,6927060,bio-e-escolhas-alimentares,"Barra de Noz, Chocolate Negro e Sal Marinho sem Glúten",0.04,KG,1.99,49.75,€
7185,7399131,bio-e-escolhas-alimentares,Cereais Estrelinhas de Manga e Abóbora +12M,0.125,KG,2.99,23.92,€
7186,5328363,bio-e-escolhas-alimentares,Molho Piri-piri Extra Forte Sacana,0.075,LT,1.99,26.53,€
7187,7545759,bio-e-escolhas-alimentares,Bolacha Recheada Chocolate sem Glúten,0.225,KG,1.82,8.09,€
7188,6297312,bio-e-escolhas-alimentares,Pastilhas Elásticas Senses Melancia,0.023,KG,0.99,43.04,€
7189,2709002,bio-e-escolhas-alimentares,Bolachas Bocaditos com Recheio de Limão,0.15,KG,1.99,13.27,€
7190,6804547,bio-e-escolhas-alimentares,Bolachas Aveia e Laranja sem Glúten,0.18,KG,1.82,10.11,€
7191,6493110,bio-e-escolhas-alimentares,Iogurte Proteína Kvarg Framboesa,0.15,KG,0.88,5.87,€
7192,6645938,bio-e-escolhas-alimentares,Pimentão Doce,0.044,KG,2.24,50.91,€
7193,7264816,bio-e-escolhas-alimentares,Bolachas de Aveia e Chocolate Negro Diet Nature,0.275,KG,3.79,13.78,€
7194,7047899,bio-e-escolhas-alimentares,Molho Barbecue Top Down,0.32,KG,1.69,5.28,€
7195,5652596,bio-e-escolhas-alimentares,Madalenas sem Glúten,0.24,KG,4.03,16.79,€
7196,4405438,bio-e-escolhas-alimentares,Bolachas Digestivas Integral,0.4,KG,2.99,€7.48, 
7197,7464671,bio-e-escolhas-alimentares,Escalopes Crocantes Vegan,0.2,UN,3.99,3.99,€
7198,5429761,bio-e-escolhas-alimentares,Cereais Corn Flakes Go Free sem Glúten,0.375,KG,2.44,6.51,€
7199,7423905,bio-e-escolhas-alimentares,Proteína Fast Recovery Laranja,0.6,KG,22.52,37.53,€
7200,7613024,bio-e-escolhas-alimentares,Pó Instantâneo Energy Boost Melancia,0.225,KG,30.9,137.33,€
7201,6718374,bio-e-escolhas-alimentares,Wrap Cereais com Sementes,0.32,KG,1.64,5.12,€
7202,7644002,bio-e-escolhas-alimentares,Bolachas Crackers Sementes e Azeite,0.185,KG,2.29,12.72,€
7203,6559323,bio-e-escolhas-alimentares,Mel de Flores,0.25,KG,4.89,19.56,€
7204,7463220,bio-e-escolhas-alimentares,Almôndegas Vegetarianas com Tomate,0.25,UN,3.55,3.55,€
7205,7154371,bio-e-escolhas-alimentares,Mini Wrap de Trigo,0.26,KG,1.49,5.73,€
7206,7140426,bio-e-escolhas-alimentares,Doce Abacaxi e Chia,0.28,KG,2.99,10.68,€
7207,7405394,bio-e-escolhas-alimentares,Iogurte Líquido Proteína Kvarg Pro+ Morango,0.33,KG,1.6,4.85,€
7208,6618092,bio-e-escolhas-alimentares,Barra Proteína Wafer Chocolate,0.04,KG,1.99,49.75,€
7209,7559241,bio-e-escolhas-alimentares,Cogumelo Marron Biológico,0.15,KG,1.99,13.27,€
7210,5487360,bio-e-escolhas-alimentares,Iogurte Pedaços Magro Muesli e Cereais,0.48,KG,2.15,4.48,€
7211,5964294,bio-e-escolhas-alimentares,Tablete de Chocolate Negro 72% Cacau sem Glúten,0.1,KG,2.39,23.90,€
7212,5895825,bio-e-escolhas-alimentares,Iogurte Aroma Stracciatella,0.4,KG,2.25,5.63,€
7213,5652601,bio-e-escolhas-alimentares,Muffins de Chocolate sem Glúten,0.24,KG,3.56,14.83,€
7214,7620809,bio-e-escolhas-alimentares,Barra de Cereais Chocolate Negro,0.126,KG,2.39,18.97,€
7215,7545758,bio-e-escolhas-alimentares,Bolacha Aveia sem Glúten,0.22,KG,1.82,8.27,€
7216,7166155,bio-e-escolhas-alimentares,Iogurte Líquido Proteína Caramelo,0.3,KG,1.87,6.23,€
7217,7521664,bio-e-escolhas-alimentares,Barra Low Sugar Morango e Chocolate,0.03,KG,1.89,63.00,€
7218,2963054,bio-e-escolhas-alimentares,Lentilhas sem Casca,0.5,KG,3.79,7.58,€
7219,2571785,bio-e-escolhas-alimentares,Azeite Virgem Extra,0.5,LT,6.78,13.56,€
7220,6979726,bio-e-escolhas-alimentares,Iogurte Bifidus Eleva Pêssego e Cenoura sem Lactose,0.46,KG,2.82,6.13,€
7221,7386210,bio-e-escolhas-alimentares,Tablete Chocolate 70% Cacau sem Glúten,0.1,KG,1.49,14.90,€
7223,7625008,bio-e-escolhas-alimentares,Sementes de Chia Biológicas,0.15,KG,2.99,19.93,€
7224,7306160,bio-e-escolhas-alimentares,Granola Superior,0.4,KG,5.99,14.98,€
7225,6011509,bio-e-escolhas-alimentares,Leite UHT Meio Gordo sem Lactose,3.0,LT,1.92,3.20,€
7226,7526165,bio-e-escolhas-alimentares,Pedaços Vegan Sabor a Frango,0.16,KG,3.09,19.31,€
7227,7181882,bio-e-escolhas-alimentares,Tiras de Coco Biológicas,0.1,KG,1.99,19.90,€
7228,7423906,bio-e-escolhas-alimentares,Proteína Fast Recovery Pina Colada,0.6,KG,22.52,37.53,€
7229,7626461,bio-e-escolhas-alimentares,Falafel Milho Doce e Quinoa,0.3,KG,4.99,16.63,€
7230,7193737,bio-e-escolhas-alimentares,Coco Fresco Pedaços,0.1,KG,1.49,14.90,€
7231,6287714,bio-e-escolhas-alimentares,Iogurte Natural com Stevia,0.5,KG,2.58,5.16,€
7232,2211119,bio-e-escolhas-alimentares,Manteiga de Amendoim Crocante sem Glúten,0.34,KG,2.99,8.79,€
7233,7235849,bio-e-escolhas-alimentares,Manteiga de Amendoim 100% Pedaços sem Glúten,0.34,KG,1.79,5.26,€
7234,6116915,bio-e-escolhas-alimentares,Espelta Tufada com Mel,0.175,KG,5.09,28.28,€
7236,3601514,bio-e-escolhas-alimentares,Néctar Frutos Vermelhos com Stevia,0.33,LT,0.67,2.03,€
7238,2000022,bio-e-escolhas-alimentares,Farinha para Molhos Express sem Glúten,0.25,KG,2.08,8.32,€
7239,7526167,bio-e-escolhas-alimentares,Hambúrguer Vegan Sabor a Frango,0.16,KG,3.09,19.31,€
7240,6903971,bio-e-escolhas-alimentares,Vegegurte Soja Natural,0.4,KG,1.12,2.80,€
7241,6589334,bio-e-escolhas-alimentares,Rebuçados Mini Mints de Menta,0.0125,KG,1.29,99.23,€
7242,6773745,bio-e-escolhas-alimentares,Vinagre de Sidra,0.5,LT,1.22,2.44,€
7243,7545583,bio-e-escolhas-alimentares,Bolachas com Cobertura Chocolate Leite Finas,0.15,KG,2.69,17.93,€
7244,7203228,bio-e-escolhas-alimentares,Cominhos Moídos,0.022,KG,2.24,101.82,€
7245,7178386,bio-e-escolhas-alimentares,Barras Cruas de Cacau e Avelã sem Glúten,0.105,KG,1.99,18.95,€
7246,3898798,bio-e-escolhas-alimentares,Beijinhos de Chocolate Recheados com Morango,0.1,KG,1.15,11.50,€
7247,7178385,bio-e-escolhas-alimentares,Barras Cruas de Maçã e Canela,0.105,KG,1.99,18.95,€
7248,7458249,bio-e-escolhas-alimentares,Iogurte Bifidus Eleva Kiwi sem Lactose,0.46,KG,1.88,4.09,€
7249,4951100,bio-e-escolhas-alimentares,Doce Mirtilo,0.25,KG,3.79,15.16,€
7250,5510134,bio-e-escolhas-alimentares,Molho Piri-piri,0.2,LT,0.38,1.90,€
7251,2231035,bio-e-escolhas-alimentares,Tortitas de Arroz Integral,0.13,KG,2.05,15.77,€
7252,7459411,bio-e-escolhas-alimentares,Gelado Salt Caramel e Brownie Vegan Sem Lactose,0.465,LT,6.79,14.60,€
7253,5848482,bio-e-escolhas-alimentares,Cereais Corn Flakes Go Free Chocolate sem Glúten,0.375,KG,2.44,6.51,€
7254,7760402,bio-e-escolhas-alimentares,Iogurte Líquido Proteína Mirtilo,0.3,KG,1.87,6.23,€
7255,7522343,bio-e-escolhas-alimentares,Ralado Sabor a Cheddar e Mozzarella,0.15,KG,2.69,17.93,€
7256,7714801,bio-e-escolhas-alimentares,Lummus de Manjericão,0.2,KG,2.99,14.95,€
7257,4877185,bio-e-escolhas-alimentares,Biscoitos Integrais de Alfarroba,0.25,KG,2.69,10.76,€
7258,2634572,bio-e-escolhas-alimentares,Molho Piri-piri,0.05,LT,2.59,51.80,€
7259,5921879,bio-e-escolhas-alimentares,Tablete de Chocolate de Leite Extrafino sem Glúten,0.125,KG,1.64,13.12,€
7260,2003363,bio-e-escolhas-alimentares,Bolachas Maria,0.2,KG,0.99,4.95,€
7261,6718364,bio-e-escolhas-alimentares,Wrap Integral,0.32,KG,1.62,5.06,€
7262,6453841,bio-e-escolhas-alimentares,Tortitas de Arroz sem Sal,0.13,KG,1.99,15.31,€
7263,6898842,bio-e-escolhas-alimentares,Bolachas Waffer de Iogurte e Limão,0.18,KG,2.19,12.17,€
7264,7306188,bio-e-escolhas-alimentares,Granola Amêndoa e Avelã,0.4,KG,5.49,13.73,€
7266,7720581,bio-e-escolhas-alimentares,Tortitas de Arroz Proteicas com Chocolate Preto,0.096,KG,2.29,23.85,€
7267,5568725,bio-e-escolhas-alimentares,Compota 4 Frutos Vermelhos,0.37,KG,4.49,12.14,€
7268,7062751,bio-e-escolhas-alimentares,Quinoa e Lentilhas ao Estilo Mexicano sem Glúten,0.25,KG,2.29,9.16,€
7269,5800165,bio-e-escolhas-alimentares,Molho Piri-piri com Alho e Louro sem Glúten,0.075,LT,2.09,27.87,€
7270,5799342,bio-e-escolhas-alimentares,Pastilhas Elásticas Fruit Lime,0.078,KG,2.95,49.17,€
7272,4951044,bio-e-escolhas-alimentares,Doce Morango,0.25,KG,3.79,15.16,€
7273,7443668,bio-e-escolhas-alimentares,Granola Chocolate,0.4,KG,5.49,13.73,€
7274,6814879,bio-e-escolhas-alimentares,Manteiga de Amendoim sem Glúten,0.32,KG,3.99,12.47,€
7276,7677642,bio-e-escolhas-alimentares,Iogurte Líquido Bifidus Eleva Manga e Cenoura sem Lactose,0.604,KG,1.97,3.26,€
7277,7714799,bio-e-escolhas-alimentares,Lummus de Beterraba,0.2,KG,2.99,14.95,€
7278,2539737,bio-e-escolhas-alimentares,Cereais Corn Flakes Milho,0.5,KG,1.79,3.58,€
7279,2004829,bio-e-escolhas-alimentares,Nestlé Sobremesas Tablete de Chocolate Culinária 53% sem Glúten,0.2,KG,2.89,14.45,€
7280,6646100,bio-e-escolhas-alimentares,Manteiga de Amendoim Cremosa sem Glúten,0.34,KG,1.79,5.26,€
7281,5455839,bio-e-escolhas-alimentares,Molho Salsa Mexicana,0.19,KG,2.89,15.21,€
7282,7285406,bio-e-escolhas-alimentares,Atum Posta em Azeite,0.12,KG,1.4,17.95,€
7283,7371328,bio-e-escolhas-alimentares,Molho Suave Dippea Hasta El Final,0.28,KG,2.09,7.46,€
7284,6403748,bio-e-escolhas-alimentares,Barra Proteína Whey&Aveia Chocolate,0.08,KG,1.39,17.38,€
7285,6753429,bio-e-escolhas-alimentares,Barra Amendoim sem Glúten,0.075,KG,1.59,21.20,€
7286,7577496,bio-e-escolhas-alimentares,Chá Abacaxi e Limão Siciliano Drenante sem Glúten,30.0,UN,24.99,24.99,€
7287,7544266,bio-e-escolhas-alimentares,Bolachas,0.17,KG,2.99,17.59,€
7290,5895582,bio-e-escolhas-alimentares,Compota Figo,0.37,KG,4.49,12.14,€
7291,5422341,bio-e-escolhas-alimentares,Farinha Amido de Milho sem Glúten,0.4,KG,1.69,4.22,€
7292,7412226,bio-e-escolhas-alimentares,Ketchup Pure 100% sem Glúten,0.468,KG,3.44,7.35,€
7293,7526164,bio-e-escolhas-alimentares,Nuggets Crocantes Vegan,0.18,KG,3.09,17.17,€
7294,5870491,bio-e-escolhas-alimentares,Óleo de Coco Virgem,0.5,LT,9.99,19.98,€
7295,7251255,bio-e-escolhas-alimentares,Bolacha Orgânica Maria Integral,0.4,KG,2.99,7.48,€
7296,7100168,bio-e-escolhas-alimentares,Yofu Soja Natural Estilo Skyr,0.4,KG,2.82,7.05,€
7297,4412124,bio-e-escolhas-alimentares,Tablete de Chocolate Plus Noir 85% Cacau sem Glúten,0.1,KG,2.69,26.90,€
7298,7464689,bio-e-escolhas-alimentares,Douradinhos Vegan,0.189,UN,3.99,3.99,€
7299,7180323,bio-e-escolhas-alimentares,Bolachas Double Creamy Proteína,0.07,KG,1.79,25.57,€
7300,7407856,bio-e-escolhas-alimentares,Barra Proteica Gourmet Chocolate E Avelã,0.08,KG,1.89,23.63,€
7301,4235631,bio-e-escolhas-alimentares,Alheira Vegetariana,0.2,KG,1.75,8.75,€
7302,6479656,bio-e-escolhas-alimentares,Massa Lasanha sem Glúten,0.25,KG,3.57,14.28,€
7303,7463222,bio-e-escolhas-alimentares,Bocados Mediterrâneos,0.16,UN,3.95,3.95,€
7304,4577985,bio-e-escolhas-alimentares,Bolachas Maria Douradas,0.4,KG,3.54,8.85,€
7305,5184539,bio-e-escolhas-alimentares,Drageias de Limão,0.035,KG,2.3,65.71,€
7306,5971300,bio-e-escolhas-alimentares,Cogumelos Laminados sem Glúten,0.185,KG,0.75,7.14,€
7307,7576427,bio-e-escolhas-alimentares,Marmelada,0.25,KG,1.99,7.96,€
7308,7380097,bio-e-escolhas-alimentares,Bebida Energética Ultra Fiesta,0.5,LT,1.35,2.70,€
7309,5772619,bio-e-escolhas-alimentares,Granola Aveia com Frutas Cruesli,0.375,KG,4.99,13.31,€
7310,6903966,bio-e-escolhas-alimentares,Massa de Lentilhas Vermelhas sem Glúten,0.25,KG,3.72,14.88,€
7311,7469019,bio-e-escolhas-alimentares,Mariscada sem Glúten Congelada,0.8,KG,7.53,9.41,€
7312,7499721,bio-e-escolhas-alimentares,Bolachas com Recheio de Framboesa  Baunilha Remix,0.157,KG,1.79,11.40,€
7313,7717085,bio-e-escolhas-alimentares,Gelatina em Pó Zero% de Frutos Vermelhos,0.026,KG,1.04,40.00,€
7314,6447186,bio-e-escolhas-alimentares,Tablete de Chocolate Negro 90% Cacau,0.08,KG,1.99,24.88,€
7315,6173734,bio-e-escolhas-alimentares,Hambúrguer de Espinafres,0.16,KG,3.39,21.19,€
7316,6847491,bio-e-escolhas-alimentares,Bebida Kombucha Ananás e Pêssego,0.4,LT,2.29,5.73,€
7317,6617968,bio-e-escolhas-alimentares,Leite com Proteína Morango,0.33,LT,1.97,5.97,€
7318,2962925,bio-e-escolhas-alimentares,Farinha de Aveia,0.5,KG,1.75,3.50,€
7319,6952363,bio-e-escolhas-alimentares,Cereais Fitness,0.64,KG,6.09,9.52,€
7320,7068471,bio-e-escolhas-alimentares,Granola de Aveia Integral com Cacau e Chocolate Negro,0.3,KG,3.69,12.30,€
7321,3576460,bio-e-escolhas-alimentares,Bolachas Pastas sem Glúten,0.2,KG,1.82,9.10,€
7322,7649153,bio-e-escolhas-alimentares,Barra Crua de Amendoim sem Glúten,0.14,KG,4.49,32.07,€
7323,7649151,bio-e-escolhas-alimentares,Barra Crua Caramelo Salgado sem Glúten,0.14,KG,4.49,32.07,€
7324,7412422,bio-e-escolhas-alimentares,Bolachas Mini Cookies Zero,0.12,KG,1.79,14.92,€
7325,6786929,bio-e-escolhas-alimentares,Recarga Green,0.3,KG,3.94,13.13,€
7326,7244150,bio-e-escolhas-alimentares,Nestlé Dark Tablete de Chocolate Negro sem Glúten,0.27,KG,4.25,15.74,€
7328,7637161,bio-e-escolhas-alimentares,Iogurte Bifidus Natural,0.7,KG,3.16,4.51,€
7329,7088955,bio-e-escolhas-alimentares,Pastilhas Elásticas Oral-B Peppermint,0.017,KG,1.19,70.00,€
7330,4026419,bio-e-escolhas-alimentares,Iogurte Pedaços Framboesa,0.15,KG,1.65,11.00,€
7331,6938751,bio-e-escolhas-alimentares,Barras de Cereais Crunchy Manteiga de Amendoim,0.21,KG,3.19,15.19,€
7332,5917252,bio-e-escolhas-alimentares,Molho de Francesinha Picante,0.5,KG,2.69,5.38,€
7333,6919364,bio-e-escolhas-alimentares,Doce de Frutos Vermelhos,0.24,KG,3.89,16.21,€
7334,7386766,bio-e-escolhas-alimentares,Rebuçados Mini Mints Halls Citrus,0.0125,KG,1.29,107.50,€
7335,6646119,bio-e-escolhas-alimentares,Manteiga de Amendoim Pedaços sem Glúten,0.34,KG,1.79,5.26,€
7336,7519998,bio-e-escolhas-alimentares,Pão de Forma Sementes Sem Glúten,0.28,KG,2.44,8.71,€
7337,7584612,bio-e-escolhas-alimentares,Tostas com Alho e Tomilho sem Glúten,0.14,KG,3.61,25.79,€
7338,7589057,bio-e-escolhas-alimentares,Pudim Proteico Chocolate,0.18,KG,1.99,11.06,€
7339,6295195,bio-e-escolhas-alimentares,Molho Chutney de Manga Doce em Vidro,0.35,KG,3.87,11.06,€
7340,7094414,bio-e-escolhas-alimentares,Crackies de Milho com Chocolate Preto sem Glúten,0.09,KG,1.88,20.89,€
7341,2689516,bio-e-escolhas-alimentares,Preparado para Arroz de Marisco Ultracongelado,0.5,KG,4.51,9.02,€
7342,7062756,bio-e-escolhas-alimentares,Sabores do Mediterrâneo,0.25,KG,2.29,9.16,€
7343,5799367,bio-e-escolhas-alimentares,Pastilhas Elásticas Fresh Mint,0.06,KG,2.95,49.17,€
7344,2767306,bio-e-escolhas-alimentares,Requeijão Light,0.17,KG,1.68,9.88,€
7345,7538471,bio-e-escolhas-alimentares,Bebida Energética Ultra Watermelon,0.5,LT,1.35,2.70,€
7348,4951098,bio-e-escolhas-alimentares,Doce Figo,0.25,KG,3.59,14.36,€
7349,6881334,bio-e-escolhas-alimentares,Bolachas Amálias com Arandos e Chocolates,0.2,KG,4.99,24.95,€
7350,6880519,bio-e-escolhas-alimentares,Granola Aveia Integral,0.385,KG,3.69,9.58,€
7351,6984728,bio-e-escolhas-alimentares,Cereais Corn Flakes,0.25,KG,2.29,9.16,€
7352,5687631,bio-e-escolhas-alimentares,Leite Achocolatado sem Lactose,6.0,LT,6.69,4.46,€
7353,7244151,bio-e-escolhas-alimentares,Nestlé Dark Tablete de Chocolate Negro com Amêndoa sem Glúten,0.27,KG,4.25,15.74,€
7354,7382699,bio-e-escolhas-alimentares,Cheróvia Biológica,0.35,KG,1.99,5.69,€
7355,5896406,bio-e-escolhas-alimentares,Farinha de Espelta Integral,0.5,KG,2.59,5.18,€
7356,7170394,bio-e-escolhas-alimentares,Sardinha em Tomate,0.12,KG,1.99,23.69,€
7357,6825380,bio-e-escolhas-alimentares,Pasta de Azeitona Preta,0.09,KG,3.6,40.00,€
7358,6401652,bio-e-escolhas-alimentares,Bolachas Extra Pepitas XL,0.184,KG,2.59,14.08,€
7359,7110625,bio-e-escolhas-alimentares,Açúcar de Coco,0.5,KG,3.99,7.98,€
7360,4412121,bio-e-escolhas-alimentares,Tablete de Chocolate Plus Noir com Flor de Sal sem Glúten,0.1,KG,2.69,26.90,€
7361,7399643,bio-e-escolhas-alimentares,Vinagre de Sidra,0.25,LT,2.31,9.24,€
7362,6949453,bio-e-escolhas-alimentares,Flocos Aveia Finos,0.375,KG,1.19,3.17,€
7363,7264241,bio-e-escolhas-alimentares,Macedónia sem Glúten,0.345,KG,1.49,6.62,€
7364,4373720,bio-e-escolhas-alimentares,Feijoada Transmontana sem Glúten,0.42,KG,2.49,5.93,€
7365,4372267,bio-e-escolhas-alimentares,Tablete de Chocolate Negro 70% Cacau,0.1,KG,1.19,11.90,€
7366,6838264,bio-e-escolhas-alimentares,Pão Proteico Low Carb Biológico,0.3,KG,3.23,10.77,€
7367,7394718,bio-e-escolhas-alimentares,Choco Balls sem Glúten,0.25,KG,3.76,15.04,€
7368,7375991,bio-e-escolhas-alimentares,Iogurte Grego Magro Natural,1.0,KG,4.42,4.42,€
7369,5007299,bio-e-escolhas-alimentares,Iogurte Pedaços Mirtilo e Muesli,0.16,KG,1.65,10.31,€
7370,7207961,bio-e-escolhas-alimentares,Hambúrguer de Proteína Vegetal,0.2,KG,3.99,19.95,€
7371,7730369,bio-e-escolhas-alimentares,Barra Proteína Zero Fudge Brownie,0.04,KG,1.39,34.75,€
7372,7682192,bio-e-escolhas-alimentares,Hambúrguer Vegan Proteína Vegetal,0.3,KG,5.49,18.30,€
7373,2005318,bio-e-escolhas-alimentares,Bombons de Chocolate com Menta sem Glúten,0.2,KG,2.89,14.45,€
7374,5693602,bio-e-escolhas-alimentares,Yofu Framboesa e Maracujá,0.44,KG,3.05,7.63,€
7375,6909072,bio-e-escolhas-alimentares,Tablete de Chocolate Negro 70% Cacau sem Glúten,0.1,KG,2.89,28.90,€
7376,7473442,bio-e-escolhas-alimentares,Barra Banana sem Glúten,0.035,KG,1.29,36.86,€
7377,6331874,bio-e-escolhas-alimentares,Creme Vinagre Balsâmico,0.25,LT,4.99,19.96,€
7379,2260345,bio-e-escolhas-alimentares,Rebuçados de Mentol e Eucalipto,0.032,KG,0.94,29.38,€
7380,6619082,bio-e-escolhas-alimentares,Óleo de Coco Virgem,0.5,LT,4.29,8.58,€
7381,7406536,bio-e-escolhas-alimentares,Suplemento Gold Colagénio + Ácido Hialurónico Sabor Frappucinno,0.45,KG,23.8,52.89,€
7382,5895631,bio-e-escolhas-alimentares,Iogurte Natural,0.15,KG,0.65,4.33,€
7383,6709787,bio-e-escolhas-alimentares,Tortitas de Milho Multicereais sem Glúten,0.13,KG,1.29,9.92,€
7384,6919365,bio-e-escolhas-alimentares,Coco Ralado sem Glúten,0.2,KG,2.79,13.95,€
7385,7123707,bio-e-escolhas-alimentares,Cereais Corn Flakes,0.375,KG,1.79,4.77,€
7386,7407644,bio-e-escolhas-alimentares,Suplemento Gold Colagénio + Ácido Hialurónico Sabor Bolacha Maria,0.45,KG,23.8,52.89,€
7387,7707344,bio-e-escolhas-alimentares,Doce Mirtilo,0.28,KG,3.29,11.75,€
7388,4768568,bio-e-escolhas-alimentares,Gomas Tijolos Brancos sem Glúten,0.15,KG,1.91,12.73,€
7389,7418377,bio-e-escolhas-alimentares,Tiras Marinadas de Proteína Vegetal,0.16,KG,4.49,28.06,€
7390,5491891,bio-e-escolhas-alimentares,Gelatina em Pó de Morango,0.031,KG,2.09,67.42,€
7391,7383381,bio-e-escolhas-alimentares,Corações de Alcachofra sem Glúten,0.45,KG,2.79,11.63,€
7392,6783986,bio-e-escolhas-alimentares,Iogurte Grego Magro Morango,0.44,KG,2.35,5.34,€
7393,7363644,bio-e-escolhas-alimentares,Barras de Amêndoa Caramelizada e Sal Marinho sem Glúten,0.09,KG,3.99,44.33,€
7394,7417452,bio-e-escolhas-alimentares,Massa Tagliatelle Integral,0.25,KG,2.25,9.00,€
7395,7399258,bio-e-escolhas-alimentares,Bolachas Marinhas Integrais,0.2,KG,2.39,11.95,€
7396,7335329,bio-e-escolhas-alimentares,Bolachas Digestivas Thins,0.174,KG,2.49,14.31,€
7397,7463347,bio-e-escolhas-alimentares,Hambúrguer Vegan,0.15,UN,3.35,3.35,€
7399,7637320,bio-e-escolhas-alimentares,Snack Chocolate Kit Kat,0.1245,KG,2.99,24.11 ,€
7400,7338462,bio-e-escolhas-alimentares,Tablete de Chocolate 85% Cacau sem Glúten,0.1,KG,1.59,15.90,€
7401,5902789,bio-e-escolhas-alimentares,Gelatina em Pó Zero% de Pera,0.028,KG,1.04,37.14,€
7403,5250628,bio-e-escolhas-alimentares,Bebida de Chocolate Solúvel sem Glúten,0.4,KG,2.19,5.48,€
7404,7708599,bio-e-escolhas-alimentares,"Tortitas de Arroz, Chia e Quinoa sem Glúten",0.1,KG,1.09,10.90,€
7405,5895822,bio-e-escolhas-alimentares,Iogurte Natural,0.15,KG,0.62,4.13,€
7406,7619441,bio-e-escolhas-alimentares,Panado Vegan de Proteína Vegetal,0.27,KG,5.49,20.33,€
7407,4969458,bio-e-escolhas-alimentares,Molho Teriyaki Marinada,0.25,LT,5.09,20.36,€
7408,6589603,bio-e-escolhas-alimentares,Massa Disney Princesas,0.3,KG,1.87,6.23,€
7409,4363342,bio-e-escolhas-alimentares,Barras de Cereais Chocolate Negro Sarialis sem Glúten,0.1,KG,3.5,34.31,€
7410,6083185,bio-e-escolhas-alimentares,Quinoa Branca,0.25,KG,2.99,11.96,€
7411,7720584,bio-e-escolhas-alimentares,Barra Proteína Caramelo Zero,0.04,KG,1.39,34.75,€
7412,7619442,bio-e-escolhas-alimentares,Almôndegas Vegan de Proteína Vegetal,0.3,KG,5.49,18.30,€
7413,4902564,bio-e-escolhas-alimentares,Molho Piri-Piri com Azeite,0.05,LT,1.99,39.80,€
7414,6979041,bio-e-escolhas-alimentares,Gelatina em Pó Zero% de Ananás,0.028,KG,1.04,37.14,€
7416,7473517,bio-e-escolhas-alimentares,Barra Frutos Vermelhos sem Glúten,0.035,KG,1.29,36.86,€
7417,7011815,bio-e-escolhas-alimentares,Almôndegas Proteína Vegetal,0.2,KG,4.49,22.45,€
7418,6938780,bio-e-escolhas-alimentares,Granola Frutos Vermelhos,0.35,KG,5.99,17.11,€
7419,3799402,bio-e-escolhas-alimentares,Cereais Nesquik,0.625,KG,4.99,7.98,€
7420,7379925,bio-e-escolhas-alimentares,Pão 5 Sementes sem Glúten,0.3,KG,4.22,14.07,€
7421,7394719,bio-e-escolhas-alimentares,Honey Rings sem Glúten,0.25,KG,3.76,15.04,€
7422,7285397,bio-e-escolhas-alimentares,Patê de Sardinha com Ingredientes Biológicos,0.075,KG,1.69,22.53,€
7423,7324746,bio-e-escolhas-alimentares,Gomas Minhocas sem Glúten,0.3,KG,1.49,4.97,€
7424,7188259,bio-e-escolhas-alimentares,"Tortitas Vitalday de Arroz, Chocolate e Laranja sem Glúten",0.1372,KG,2.89,24.08,€
7425,5779831,bio-e-escolhas-alimentares,Doce Abóbora Stevia,0.2,KG,2.99,14.95,€
7426,7539358,bio-e-escolhas-alimentares,Bebida Vegetal de Avelã e Cacau,3.0,LT,1.35,2.25,€
7427,7132080,bio-e-escolhas-alimentares,Granola Chocolate,0.3,KG,4.57,15.23,€
7428,2404515,bio-e-escolhas-alimentares,Iogurte Pedaços Morango,0.15,KG,1.65,11.00,€
7429,4228877,bio-e-escolhas-alimentares,Hambúrguer de Tofu e Cogumelos,0.15,KG,3.49,21.81,€
7430,6546673,bio-e-escolhas-alimentares,Pastilhas Elásticas de Morango,0.03,KG,1.85,61.67,€
7431,7251806,bio-e-escolhas-alimentares,Tablete de Chocolate Culinária 52%,0.2,KG,2.39,11.95,€
7432,6813396,bio-e-escolhas-alimentares,Doce de Pêssego,0.24,KG,3.29,13.71,€
7433,6984708,bio-e-escolhas-alimentares,Granola Frutos Vermelhos,0.3,KG,3.99,13.30,€
7434,7551410,bio-e-escolhas-alimentares,Tagliatelle Fresco Biológico,0.25,UN,2.19,2.19,€
7435,6306227,bio-e-escolhas-alimentares,Baguete de Tomate com Manjericão,0.35,KG,1.49,4.26,€
7437,6582014,bio-e-escolhas-alimentares,Infusão Digest Saquetas,10.0,UN,1.09,0.11,€
7439,7403870,bio-e-escolhas-alimentares,Azeite Virgem Extra,0.5,LT,9.42,18.84,€
7440,6798895,bio-e-escolhas-alimentares,Pepitas de Chocolate 43% Cacau sem Glúten,0.2,KG,2.19,10.95,€
7441,2014770,bio-e-escolhas-alimentares,Caldo de Peixe Cubos sem Glúten,8.0,KG,2.3,28.75,€
7442,7410988,bio-e-escolhas-alimentares,Bebida Kombucha Chá Romã Zero,0.4,LT,2.29,5.73,€
7443,7407969,bio-e-escolhas-alimentares,Gelatina Pronta Frutos Vermelhos +Proteína,0.4,KG,1.19,2.98,€
7444,7411098,bio-e-escolhas-alimentares,Gelado Cheesecake de Frutos Vermelhos Vegan Sem Lactose,0.5,LT,3.29,6.58,€
7445,7011629,bio-e-escolhas-alimentares,Nuggets Proteína Vegetal,0.2,KG,4.49,22.45,€
7446,6539984,bio-e-escolhas-alimentares,Pão Rústico Fatiado sem Glúten,0.25,KG,3.38,13.52 ,€
7447,6818260,bio-e-escolhas-alimentares,Arroz Integral Longo,0.5,KG,1.12,2.24,€
7449,6831306,bio-e-escolhas-alimentares,Gengibre Moído,0.032,KG,3.21,100.31,€
7451,7523648,bio-e-escolhas-alimentares,Doce de Figo,0.25,KG,2.79,11.16,€
7452,7306184,bio-e-escolhas-alimentares,Granola Amêndoas Crocantes,0.4,KG,5.49,13.73,€
7453,4373715,bio-e-escolhas-alimentares,Dobrada sem Glúten,0.42,KG,2.29,5.45,€
7454,7467151,bio-e-escolhas-alimentares,Cogumelos Laminados sem Glúten,0.2,KG,2.49,12.45,€
7455,7731772,bio-e-escolhas-alimentares,Arroz Basmati Himal,0.5,KG,2.1,4.20,€
7456,7182869,bio-e-escolhas-alimentares,Doce 4 Frutos,0.28,KG,3.29,11.75,€
7457,7140424,bio-e-escolhas-alimentares,Doce Manga e Maracujá,0.28,KG,2.99,10.68,€
7458,7655207,bio-e-escolhas-alimentares,Iogurte Líquido Magro Kiwi sem Lactose,0.604,KG,2.16,3.58,€
7459,7363123,bio-e-escolhas-alimentares,Hambúrguer Powered By Plants,0.16,KG,2.99,18.69,€
7460,3851724,bio-e-escolhas-alimentares,Caramelos Cappuccino,0.09,KG,2.39,26.56,€
7461,5822138,bio-e-escolhas-alimentares,Flocos Aveia com Mel,0.4,KG,2.89,7.23,€
7463,5968409,bio-e-escolhas-alimentares,Iogurte Framboesa Biológico,0.15,KG,0.83,5.53,€
7464,7394721,bio-e-escolhas-alimentares,Flocos de Aveia Grossos sem Glúten,0.4,KG,1.87,4.68,€
7465,7431754,bio-e-escolhas-alimentares,Pão de Forma Rústico sem Glúten,0.5,KG,3.84,7.68,€
7466,6470679,bio-e-escolhas-alimentares,Pastéis de Legumes,0.28,KG,4.39,15.68,€
7468,6785643,bio-e-escolhas-alimentares,Rebentos de Feijão Mungo sem Glúten,0.184,KG,0.99,9.00,€
7469,7290359,bio-e-escolhas-alimentares,Pão Integral Alemão de Centeio Biológico,0.5,KG,2.82,5.64,€
7470,4372269,bio-e-escolhas-alimentares,Tablete de Chocolate de Leite,0.1,KG,1.19,11.90,€
7471,7626371,bio-e-escolhas-alimentares,Vegegurte Aveia e Baunilha Bourbon,0.15,KG,1.35,9.00,€
7472,7249214,bio-e-escolhas-alimentares,Marshmallows Gumball sem Glúten,0.3,KG,1.79,5.97,€
7473,5884942,bio-e-escolhas-alimentares,Tablete de Chocolate Escuro 99% Cacau,0.08,KG,3.09,38.63,€
7474,5874277,bio-e-escolhas-alimentares,Pastilhas Elásticas de Tutti Frutti,0.02,UN,0.76,38.00,€
7475,7612911,bio-e-escolhas-alimentares,Barra Proteína Vegetal Cacau e Chocolate Zero sem Glúten,0.055,KG,1.99,36.18,€
7476,5380041,bio-e-escolhas-alimentares,Barra de Sésamo e Mel sem Glúten,0.04,KG,0.69,17.25,€
7477,6582854,bio-e-escolhas-alimentares,Café Colombia Espresso Int 5,12.0,UN,5.89,0.49,€
7478,6879635,bio-e-escolhas-alimentares,Bebida Vegetal de Aveia,3.0,LT,2.44,4.07,€
7479,7616142,bio-e-escolhas-alimentares,O Gelado Morango Vegan,0.46,LT,7.99,17.37,€
7480,2212833,bio-e-escolhas-alimentares,Cereais Krispies Chocolate,0.375,KG,2.49,6.64,€
7481,6589642,bio-e-escolhas-alimentares,Massa Disney Mickey,0.3,KG,1.87,6.23,€
7482,5049851,bio-e-escolhas-alimentares,Gelatina em Pó Light de Mirtilo,2.0,KG,2.09,69.67,€
7483,7379959,bio-e-escolhas-alimentares,Pão Escuro sem Glúten,0.3,KG,4.22,14.07,€
7484,7450723,bio-e-escolhas-alimentares,Refrigerante com Gás Cola Zero,0.33,LT,0.54,1.64,€
7486,7251778,bio-e-escolhas-alimentares,Bolachas Cracker Aveia e Sementes de Girassol,0.15,KG,2.29,15.27,€
7487,6582990,bio-e-escolhas-alimentares,Gelado Soja Sandwich,0.32,KG,4.59,14.34,€
7488,6618095,bio-e-escolhas-alimentares,Snack Chocolate Belga Proteína,0.03,KG,0.79,26.33,€
7489,6873416,bio-e-escolhas-alimentares,Bulgur,0.5,KG,1.59,3.18,€
7490,6618252,bio-e-escolhas-alimentares,Iogurte Aroma Banana,0.5,KG,3.38,6.76,€
7491,2086889,bio-e-escolhas-alimentares,Alface Frisada Biológica,0.4,UN,3.19,1.28,€
7492,7455094,bio-e-escolhas-alimentares,Tablete de Chocolate Negro com Pepitas de Coco,0.1,KG,1.49,14.90,€
7494,7451657,bio-e-escolhas-alimentares,Molho Piri-piri Clássico sem Glúten,0.05,LT,1.69,33.80,€
7495,7244149,bio-e-escolhas-alimentares,Tablete de Chocolate de Leite Extrafino com Amêndoa sem Glúten,0.27,KG,4.25,15.74,€
7496,6707175,bio-e-escolhas-alimentares,Pastilhas Elásticas de Spearmint,0.084,KG,3.29,39.17,€
7497,7168029,bio-e-escolhas-alimentares,"Saqueta de Fruta Banana, Pera e Laranja +4M",0.1,KG,1.08,10.80,€
7498,7228061,bio-e-escolhas-alimentares,Bolachas Duplo Chocolate Vicenzi sem Glúten,0.15,KG,4.7,31.33,€
7499,5895735,bio-e-escolhas-alimentares,Manteiga de Amendoim Suave,0.227,KG,4.24,18.68,€
7500,7621699,bio-e-escolhas-alimentares,"Bebida Cereais Cevada, Chicória e Centeio",0.175,KG,3.99,22.80,€
7501,7504748,bio-e-escolhas-alimentares,Bolachas Cookies Extra Choco Rings,0.176,KG,2.89,16.42,€
7502,7402214,bio-e-escolhas-alimentares,Fatiado Vegan,0.16,KG,2.59,16.19,€
7503,6297318,bio-e-escolhas-alimentares,Pastilhas Elásticas Senses Berry,0.023,KG,0.99,43.04,€
7504,7473525,bio-e-escolhas-alimentares,Molho Pesto Rosso sem Glúten,0.135,KG,3.49,25.85,€
7505,7521870,bio-e-escolhas-alimentares,Gelado Mini Mix Vegan,0.33,LT,6.65,20.15,€
7506,5568728,bio-e-escolhas-alimentares,Compota Morango,0.37,KG,4.49,12.14,€
7507,7649154,bio-e-escolhas-alimentares,Barra Crua de Cacau sem Glúten,0.14,UN,4.49,32.07,€
7508,7560830,bio-e-escolhas-alimentares,Costeletinhas Vegan,0.168,KG,2.59,15.42,€
7509,5477615,bio-e-escolhas-alimentares,Iogurte Aroma Baunilha,0.15,KG,1.4,9.33,€
7510,4748536,bio-e-escolhas-alimentares,Bebida Energética sem Açúcar,0.5,LT,1.35,2.70,€
7511,4762874,bio-e-escolhas-alimentares,Doce Frutos Vermelhos,0.23,KG,3.79,15.16,€
7512,5612275,bio-e-escolhas-alimentares,Pastilhas Elásticas de Morango,0.0165,KG,0.99,58.24,€
7513,4970163,bio-e-escolhas-alimentares,Leite de Coco Light,0.4,LT,2.24,5.60,€
7514,5592873,bio-e-escolhas-alimentares,Bolachas Cracker,0.0313,KG,0.89,28.71,€
7515,6779102,bio-e-escolhas-alimentares,Cereais Chocapic,0.33,KG,3.34,10.12,€
7516,5828696,bio-e-escolhas-alimentares,Bolachas Digestivas sem Glúten,0.15,KG,1.82,12.13,€
7517,7327120,bio-e-escolhas-alimentares,Gomas Amoras sem Glúten,0.3,KG,1.79,5.97,€
7518,6873357,bio-e-escolhas-alimentares,Bebida Energética Açaí,0.25,LT,1.49,5.96,€
7519,7094416,bio-e-escolhas-alimentares,Crackies Mini de Milho Mediterrâneas sem Glúten,0.2,KG,3.24,16.20,€
7520,2003588,bio-e-escolhas-alimentares,Muesli,0.56,KG,4.48,8.00,€
7521,6894576,bio-e-escolhas-alimentares,Bolachas Waffer de Cacau,0.18,KG,2.19,12.17,€
7522,6785738,bio-e-escolhas-alimentares,Mel Rosmaninho,0.25,KG,5.09,20.36,€
7523,7390821,bio-e-escolhas-alimentares,Refrigerante com Gás Lima Max,6.0,LT,3.19,1.61,€
7524,5011776,bio-e-escolhas-alimentares,Drageias Mint de Peppermint,0.07,KG,4.0,57.14,€
7525,7144654,bio-e-escolhas-alimentares,Barra de Noz e Caramelo Torrado sem Glúten,0.05,KG,2.49,49.80,€
7526,6190167,bio-e-escolhas-alimentares,Hambúrgueres de Vaca e Queijo sem Glúten,0.2,KG,4.7,23.50,€
7527,7251574,bio-e-escolhas-alimentares,Manteiga de Amêndoa 100% sem Glúten,0.2,KG,5.99,29.95,€
7528,4668391,bio-e-escolhas-alimentares,Bolachas Marinheiras sem Sal,0.2,KG,2.14,10.70,€
7530,7204514,bio-e-escolhas-alimentares,Gengibre e Alho Pasta em Vidro sem Glúten,0.21,KG,2.94,14.00,€
7531,7358217,bio-e-escolhas-alimentares,Bolachas Chai e Gengibre,0.16,KG,2.39,14.94,€
7532,5726135,bio-e-escolhas-alimentares,Iogurte Natural Açucarado sem Lactose,0.48,KG,2.08,4.33,€
7533,4878561,bio-e-escolhas-alimentares,Sumo Natural Cenoura,0.2,LT,1.09,5.45,€
7534,5841433,bio-e-escolhas-alimentares,Bebida Energética Ultra White,0.5,LT,1.35,2.70,€
7535,4725771,bio-e-escolhas-alimentares,Crackies de Milho com Sal sem Glúten,0.13,KG,1.59,12.23,€
7536,7718441,bio-e-escolhas-alimentares,Almôndegas de Cenoura,0.42,KG,9.99,23.79,€
7537,6903965,bio-e-escolhas-alimentares,Massa Penne de Arroz Integral sem Glúten,0.25,KG,2.63,10.52,€
7538,7486895,bio-e-escolhas-alimentares,Papa Infantil Farinha Láctea Maçã +4M sem Glúten,0.25,KG,3.19,12.76,€
7539,6290306,bio-e-escolhas-alimentares,Bolachas de Chocolate com Recheio Brownie,0.154,KG,1.79,11.62,€
7540,5779336,bio-e-escolhas-alimentares,Cereais Corn Flakes sem Glúten,0.25,KG,3.48,13.92,€
7541,7067951,bio-e-escolhas-alimentares,Tortita de Arroz sem Glúten,0.129,KG,1.49,11.55,€
7542,5800555,bio-e-escolhas-alimentares,Drageias de Frutos Vermelhos,0.035,KG,2.3,65.71,€
7543,7270736,bio-e-escolhas-alimentares,Tâmara Medjool Biológica,0.2,KG,6.19,30.95,€
7544,7169262,bio-e-escolhas-alimentares,Bebida Energética Ultra Paradise sem Açúcar,0.5,LT,1.35,2.70,€
7546,6618243,bio-e-escolhas-alimentares,Iogurte Natural,0.5,KG,2.91,5.82,€
7547,7519793,bio-e-escolhas-alimentares,Iogurte Proteína Quark Stracciatella,0.28,KG,1.4,5.00,€
7548,6642314,bio-e-escolhas-alimentares,Muesli Crunchy,0.5,KG,2.59,5.18,€
7549,5877169,bio-e-escolhas-alimentares,Pastilhas Elásticas Max Watermelon Frost,0.02,KG,1.09,54.50,€
7550,6541632,bio-e-escolhas-alimentares,Pão Branco Fatias sem Glúten,0.25,KG,2.91,11.64,€
7551,6395649,bio-e-escolhas-alimentares,Pão Indiano Super Naan,0.45,KG,3.25,7.22,€
7552,5305773,bio-e-escolhas-alimentares,Suplemento L-Carnitine 3000 Unidoses,20.0,UN,25.99,1.30,€
7553,5779327,bio-e-escolhas-alimentares,Compota Frutos Vermelhos,0.25,KG,4.59,18.36,€
7554,6437612,bio-e-escolhas-alimentares,Pão Aveia e Sementes Biológico,0.3,KG,3.23,10.77,€
7555,5830172,bio-e-escolhas-alimentares,Hambúrguer de Cereais com Queijo,0.16,KG,3.49,21.81,€
7556,7184191,bio-e-escolhas-alimentares,Castanha do Brasil Biológica,0.15,KG,4.99,33.27,€
7557,7363121,bio-e-escolhas-alimentares,Almôndegas Powered By Plants,0.36,KG,6.19,17.19,€
7558,7577522,bio-e-escolhas-alimentares,Preparado para Arroz de Marisco Ultracongelado,0.8,KG,5.49,6.86,€
7559,6707182,bio-e-escolhas-alimentares,Pastilhas Elásticas de Morango,0.084,KG,3.29,39.17,€
7560,5487392,bio-e-escolhas-alimentares,Iogurte Magro Aroma Tutti Frutti e Coco,0.72,KG,2.15,2.99,€
7561,7330836,bio-e-escolhas-alimentares,Bolas Energéticas de Amendoim e Banana,0.034,KG,0.99,29.12,€
7562,7628063,bio-e-escolhas-alimentares,Pudim Proteína Avelã,0.2,KG,1.49,7.45,€
7563,6881338,bio-e-escolhas-alimentares,Bolachas Beneditas com Amêndoa e Limão,0.2,KG,4.99,24.95,€
7564,5632707,bio-e-escolhas-alimentares,Nestlé Dark Tablete de Chocolate Negro 70% Cacau sem Glúten,0.12,KG,2.99,24.92,€
7565,6474473,bio-e-escolhas-alimentares,Flocos Aveia Finos,0.4,KG,2.25,5.63,€
7566,5256119,bio-e-escolhas-alimentares,Crackies de Milho com Chocolate sem Glúten,0.13,KG,2.71,20.85,€
7567,5874435,bio-e-escolhas-alimentares,Tablete de Chocolate de Leite com Amêndoa Extrafino sem Glúten,0.123,KG,2.19,17.80,€
7568,7291908,bio-e-escolhas-alimentares,Ervilhas Frasco sem Glúten,0.345,KG,1.59,7.57,€
7569,7621372,bio-e-escolhas-alimentares,Iogurte Proteína Kvarg Pro+ Amendoim,0.15,KG,0.88,5.87,€
7570,4228611,bio-e-escolhas-alimentares,Granola,0.375,KG,2.99,7.97,€
7571,7612903,bio-e-escolhas-alimentares,Barra Proteína Vegetal Indulgent Caramelo Salgado sem Glúten,0.055,KG,1.99,36.18,€
7572,2758470,bio-e-escolhas-alimentares,Couscous,0.5,KG,2.82,5.64,€
7573,6949467,bio-e-escolhas-alimentares,Gelatina em Pó Zero% de Manga,0.026,KG,1.04,40.00,€
7574,7316051,bio-e-escolhas-alimentares,Pudim Flan Rico em Proteínas,0.32,KG,2.52,7.88,€
7575,4086851,bio-e-escolhas-alimentares,Hambúrguer de Soja com Aveia,0.15,KG,3.49,21.81,€
7576,7334303,bio-e-escolhas-alimentares,Farinha de Amêndoa sem Glúten,0.4,KG,13.99,34.98,€
7577,7430681,bio-e-escolhas-alimentares,Refrigerante com Gás Cola Max,4.0,LT,4.99,0.83,€
7578,7140421,bio-e-escolhas-alimentares,Doce 4 Frutos,0.28,KG,2.99,10.68,€
7579,7329336,bio-e-escolhas-alimentares,Snack de Chocolate Negro com Cajú 50% Cacau sem Glúten,0.03,KG,0.99,33.00,€
7580,6818473,bio-e-escolhas-alimentares,Doce de Morango,0.24,KG,3.89,16.21,€
7581,2897332,bio-e-escolhas-alimentares,Patê de Atum em Óleo sem Glúten,0.075,KG,1.96,26.13,€
7582,3646638,bio-e-escolhas-alimentares,Molho para Fajitas sem Glúten,0.395,KG,4.49,11.37,€
7583,4322890,bio-e-escolhas-alimentares,Tempero para Frango sem Glúten,0.2,KG,0.85,4.25,€
7584,7451607,bio-e-escolhas-alimentares,Vinagre de Sidra,0.5,LT,1.49,2.98,€
7585,7730371,bio-e-escolhas-alimentares,Creatina Mono-Hidratada Natural,0.15,KG,17.99,119.93,€
7586,6118065,bio-e-escolhas-alimentares,Rebuçados de Mel e Limão,0.032,KG,0.94,29.38,€
7587,7422362,bio-e-escolhas-alimentares,Bolachas Wafers Coco,0.18,KG,2.19,12.17,€
7588,5141177,bio-e-escolhas-alimentares,Bebida de Chocolate Solúvel Extra Choco sem Glúten,0.39,KG,5.49,14.08,€
7589,7708105,bio-e-escolhas-alimentares,Bolachas de Aveia e Chocolate sem Glúten,0.16,KG,1.78,11.12,€
7590,5067722,bio-e-escolhas-alimentares,Caramelos Original,0.09,KG,2.39,26.56,€
7591,7620617,bio-e-escolhas-alimentares,Pão Rústico com Sementes sem Glúten,0.4,KG,4.22,10.55,€
7592,7487928,bio-e-escolhas-alimentares,Iogurte Líquido Morango,0.72,KG,2.16,3.00,€
7593,5000918,bio-e-escolhas-alimentares,Biscoitos Boudoirs,0.2,KG,2.64,13.20,€
7594,7584152,bio-e-escolhas-alimentares,Gelado Magnífico Chocolate e Amêndoa Vegan,3.0,LT,2.49,9.22,€
7595,7613018,bio-e-escolhas-alimentares,Proteína Vegetal Baunilha,0.24,KG,11.9,49.58,€
7596,6801519,bio-e-escolhas-alimentares,Bebida Kombucha Gengibre e Limão,0.4,LT,2.29,5.73,€
7597,5248537,bio-e-escolhas-alimentares,Hambúrguer Cenoura e Algas,0.15,KG,3.49,21.81,€
7598,6403707,bio-e-escolhas-alimentares,Clara de Ovo 100% Líquida,0.5,KG,2.99,5.98,€
7600,7217508,bio-e-escolhas-alimentares,Tablete de Chocolate de Leite Culinária sem Glúten,0.2,UN,2.09,2.09,€
7601,4878654,bio-e-escolhas-alimentares,Barras de Sésamo e Mel sem Glúten,0.15,KG,3.19,21.27,€
7602,6919362,bio-e-escolhas-alimentares,Doce de Framboesa,0.24,KG,3.89,16.21,€
7604,7412941,bio-e-escolhas-alimentares,Pasta 100% Cajú sem Glúten,0.18,KG,4.49,24.94,€
7605,7402216,bio-e-escolhas-alimentares,Fatiado Vegan Sabor a Cheddar,0.16,KG,2.59,16.19,€
7606,6531308,bio-e-escolhas-alimentares,Pão de Sementes de Linhaça Biológico,0.5,KG,2.52,5.04,€
7607,7287431,bio-e-escolhas-alimentares,Bolachas de Milho Finas com Cereais,0.1,KG,1.29,12.90,€
7608,5665118,bio-e-escolhas-alimentares,Tablete de Chocolate Culinária com Stévia sem Glúten,0.2,KG,3.29,16.45,€
7609,7131362,bio-e-escolhas-alimentares,Granola Amêndoa e Sementes Abóbora,0.3,KG,3.79,12.63,€
7610,4962053,bio-e-escolhas-alimentares,Salsichas de Soja Cocktail Frasco,0.32,KG,2.79,15.50,€
7611,7620621,bio-e-escolhas-alimentares,Pão Rústico sem Glúten,0.4,KG,4.22,10.55,€
7612,7390422,bio-e-escolhas-alimentares,Especialidade Vegwurst Lata sem Glúten,0.424,KG,2.79,17.44,€
7613,7410986,bio-e-escolhas-alimentares,Bebida Kombucha Chá Maracujá Zero,0.4,LT,2.29,5.73,€
7615,7390713,bio-e-escolhas-alimentares,Refrigerante com Gás Maracujá sem Açúcar,4.0,LT,6.76,1.69,€
7616,7285407,bio-e-escolhas-alimentares,Filete de Atum em Azeite Biológico,0.12,KG,2.3,29.49,€
7617,5177128,bio-e-escolhas-alimentares,Granola,0.3,KG,4.49,14.97,€
7618,7523162,bio-e-escolhas-alimentares,Pão Fatiado sem Glúten,0.3,KG,5.16,17.20,€
7619,7538014,bio-e-escolhas-alimentares,Manteiga sem Lactose,0.125,KG,2.72,21.76,€
7620,6824868,bio-e-escolhas-alimentares,Pasta de Azeitona Verde,0.09,KG,3.6,40.00,€
7621,5191395,bio-e-escolhas-alimentares,Yofu Bifidus Natural,0.6,KG,3.57,5.95,€
7622,5011714,bio-e-escolhas-alimentares,Drageias Mint de Eucalipto,0.035,KG,2.3,65.71,€
7623,7105459,bio-e-escolhas-alimentares,Gelado Cookie Dough Non-Dairy Vegan Sem Lactose,0.465,LT,6.79,14.60,€
7624,6645546,bio-e-escolhas-alimentares,Caril,0.036,KG,2.54,70.56,€
7625,4874100,bio-e-escolhas-alimentares,Farinha Mix Pão sem Glúten,1.0,KG,4.9,4.90,€
7626,4603996,bio-e-escolhas-alimentares,Adoçante em Pó,0.09,KG,2.29,25.44,€
7627,2260331,bio-e-escolhas-alimentares,Pastilhas Elásticas Peppermint,0.0145,KG,0.99,70.71,€
7628,6546042,bio-e-escolhas-alimentares,Cereais Rice Krispies Arroz Tostado com Mel,0.34,KG,2.49,7.32,€
7629,6820355,bio-e-escolhas-alimentares,Marmelada,0.25,KG,3.95,15.80,€
7630,2232429,bio-e-escolhas-alimentares,Flocos de Aveia,0.4,KG,3.09,7.73,€
7631,6413502,bio-e-escolhas-alimentares,Total Whey Chocolate e Avelã,0.26,KG,16.99,65.35,€
7632,7411096,bio-e-escolhas-alimentares,Gelado Caramel Brownie Vegan Sem Lactose,0.5,LT,3.29,6.58,€
7633,2894012,bio-e-escolhas-alimentares,Cereais Cookie Crisp Pepitas de Chocolate,0.375,KG,4.49,11.97,€
7634,7618345,bio-e-escolhas-alimentares,Bolacha Digestiva Avenacol,0.25,KG,2.99,11.96,€
7635,7102759,bio-e-escolhas-alimentares,Pão de Forma Clássico Branco sem Glúten,0.35,KG,3.37,9.63,€
7636,5848211,bio-e-escolhas-alimentares,Adoçante Stevia 40 Sticks,0.04,UN,1.45,1.45,€
7637,5779832,bio-e-escolhas-alimentares,Doce Morango Stevia,0.2,KG,3.89,19.45,€
7638,7411521,bio-e-escolhas-alimentares,Gelado Caramelo Salgado Vegan Sem Lactose,0.5,LT,3.29,6.58,€
7640,7442958,bio-e-escolhas-alimentares,Leite de Coco Light,0.4,LT,2.39,5.98,€
7641,6582052,bio-e-escolhas-alimentares,Infusão Relax Saquetas,10.0,UN,1.09,0.11,€
7642,5516238,bio-e-escolhas-alimentares,Flocos Aveia Instântaneos,0.4,KG,1.73,4.33,€
7644,7735381,bio-e-escolhas-alimentares,Yofu Soja Exótico,0.4,KG,2.82,7.05,€
7645,6331861,bio-e-escolhas-alimentares,Vinagre Balsâmico,0.5,LT,6.39,12.78,€
7646,2581045,bio-e-escolhas-alimentares,Drageias de Menta,0.008,KG,1.55,193.75,€
7647,7253922,bio-e-escolhas-alimentares,Falafel de Proteína Vegetal,0.19,KG,4.49,23.63,€
7648,2003827,bio-e-escolhas-alimentares,Caramelos de Fruta sem Glúten,0.25,KG,2.99,11.96,€
7650,7628065,bio-e-escolhas-alimentares,Pudim Proteína Baunilha,0.2,KG,1.49,7.45,€
7651,7554204,bio-e-escolhas-alimentares,Pizza Vegetariana,0.4,KG,2.79,6.98,€
7652,7151134,bio-e-escolhas-alimentares,Ketchup Top Down sem Glúten,0.268,KG,3.59,13.40,€
7653,6801815,bio-e-escolhas-alimentares,Iogurte Magro Aroma Morango e Coco,0.72,KG,1.87,2.60,€
7654,7122159,bio-e-escolhas-alimentares,Creme para Barrar Chocolate e Avelãs,0.18,KG,5.39,29.94,€
7655,6148708,bio-e-escolhas-alimentares,Tablete de Chocolate Negro 85% Cacau sem Glúten,0.1,KG,2.69,26.90,€
7656,7735378,bio-e-escolhas-alimentares,Yofu Soja Mirtilo,0.5,KG,2.82,5.64,€
7657,7431777,bio-e-escolhas-alimentares,Pão Forma Branco sem Glúten,0.5,KG,3.84,7.68,€
7658,7521659,bio-e-escolhas-alimentares,Barra Low Sugar Dark Chocolate,0.03,KG,1.39,46.33,€
7659,6462355,bio-e-escolhas-alimentares,Granola de Aveia Crocante com Bagas de Goji e Mirtilos,0.35,KG,4.99,14.26,€
7660,7487929,bio-e-escolhas-alimentares,Iogurte Líquido Baunilha,0.72,KG,2.16,3.00,€
7662,6524339,bio-e-escolhas-alimentares,Iogurte Grego Natural,0.135,KG,1.54,11.41,€
7663,5093499,bio-e-escolhas-alimentares,Rebuçados com Recheio de Mel sem Glúten,0.25,KG,2.99,11.96,€
7664,5192133,bio-e-escolhas-alimentares,Yofu Pedaços Frutos Silvestres,0.4,KG,3.05,7.63,€
7665,7677792,bio-e-escolhas-alimentares,Iogurte Líquido Mirtilo e Chá Verde sem Lactose,0.604,KG,2.16,3.58,€
7666,7445893,bio-e-escolhas-alimentares,Leite Proteína Morango sem Lactose,3.0,LT,2.99,3.99,€
7667,2897336,bio-e-escolhas-alimentares,Patê de Fiambre sem Glúten,0.077,KG,1.84,23.90,€
7668,7412188,bio-e-escolhas-alimentares,Cereais Linha Zero,0.3,KG,2.59,8.63,€
7670,7143385,bio-e-escolhas-alimentares,Tapioca Hidratada sem Glúten,0.5,KG,3.49,6.98,€
7671,6589333,bio-e-escolhas-alimentares,Rebuçados Mini Mints de Melancia,0.0125,KG,1.29,99.23,€
7672,7268804,bio-e-escolhas-alimentares,Tablete de Chocolate com Cereais e Amêndoas,0.1,KG,1.59,15.90,€
7673,7616133,bio-e-escolhas-alimentares,O Gelado Maracujá Vegan,0.46,LT,7.99,17.37,€
7674,7660290,bio-e-escolhas-alimentares,Creme para Barrar com Chalotas e Cebolinho,0.13,KG,1.99,15.31,€
7675,7521286,bio-e-escolhas-alimentares,Vuna de Proteína Vegetal,0.175,KG,5.89,33.66,€
7676,7727157,bio-e-escolhas-alimentares,Feijão Encarnado,0.66,KG,3.89,8.10,€
7677,7251353,bio-e-escolhas-alimentares,Molho Pizza Top Down sem Glúten,0.44,KG,3.79,9.48,€
7678,7578173,bio-e-escolhas-alimentares,Tablete Chocolate Leite com Avelãs e Caramelo,0.09,KG,3.49,38.78,€
7679,7320898,bio-e-escolhas-alimentares,Bebida de Chocolate Solúvel Intenso 40% Cacau sem Glúten,0.33,KG,6.29,19.06,€
7680,5049981,bio-e-escolhas-alimentares,Gelatina em Pó Light de Morango,2.0,KG,2.09,69.67,€
7681,7394707,bio-e-escolhas-alimentares,Cereais All Bran Flakes,0.375,KG,4.39,11.71,€
7682,7207959,bio-e-escolhas-alimentares,Chili Sin Carne com Proteína Vegetal,0.4,KG,3.99,9.97,€
7683,7088956,bio-e-escolhas-alimentares,Pastilhas Elásticas Oral-B Spearmint,0.017,KG,1.19,70.00,€
7684,2572402,bio-e-escolhas-alimentares,Cereais Crunch Chocolate,0.375,KG,4.49,11.97,€
7685,7644006,bio-e-escolhas-alimentares,Bolachas Crackers Grão de Bico e Linhaça,0.185,KG,2.99,16.16,€
7686,4954625,bio-e-escolhas-alimentares,Tortitas de Milho sem Glúten,0.12,KG,1.89,14.54,€
7687,5778929,bio-e-escolhas-alimentares,Farinha Culinária sem Glúten,0.5,KG,3.1,6.20,€
7688,6482402,bio-e-escolhas-alimentares,Suplemento Alimentar Seca Barriga Dia e Noite,30.0,UN,16.69,0.28,€
7689,7251796,bio-e-escolhas-alimentares,Chocolate em Pó 50% Cacau,0.125,KG,1.39,11.12,€
7690,7159239,bio-e-escolhas-alimentares,Hambúrguer Beyond Burger,0.226,KG,4.99,22.08,€
7691,7180339,bio-e-escolhas-alimentares,Barra Proteína Zero Wafer Baunilha,0.04,KG,1.69,42.25,€
7693,6661374,bio-e-escolhas-alimentares,Leite Proteína Cacau sem Lactose,3.0,LT,2.99,3.99,€
7694,4495391,bio-e-escolhas-alimentares,Muesli Multicereais Crocante,0.5,KG,3.29,6.58,€
7695,6609812,bio-e-escolhas-alimentares,Queijo Fresco de Vaca Light,0.2,KG,1.87,9.35,€
7696,7744595,bio-e-escolhas-alimentares,Bloco Sabor a Camembert,0.15,KG,4.99,33.27,€
7697,6857966,bio-e-escolhas-alimentares,Muesli Fibra,0.375,KG,4.99,13.31,€
7698,7165396,bio-e-escolhas-alimentares,Doce Morango,0.28,KG,3.29,11.75,€
7699,7338463,bio-e-escolhas-alimentares,Tablete de Chocolate 100% Cacau sem Glúten,0.1,KG,1.66,16.60,€
7700,6369899,bio-e-escolhas-alimentares,Tablete de Chocolate Negro com Coco sem Glúten,0.125,KG,2.79,22.32,€
7701,2604185,bio-e-escolhas-alimentares,Massa Instantânea Chinesa Ezy Cook,0.375,KG,3.1,8.27,€
7702,7329337,bio-e-escolhas-alimentares,Snack de Chocolate Negro com Avelã 50% Cacau,0.03,KG,0.99,33.00,€
7704,6537415,bio-e-escolhas-alimentares,Tablete de Chocolate Negro com Canela,0.125,KG,2.99,23.92,€
7705,5342071,bio-e-escolhas-alimentares,Farinha de Milho sem Glúten,0.5,KG,0.69,1.38,€
7706,6779099,bio-e-escolhas-alimentares,Cereais Cheerios,0.33,KG,3.34,10.12,€
7707,6627437,bio-e-escolhas-alimentares,Sementes de Canhâmo Biológicas,0.15,KG,4.69,31.27,€
7709,7525726,bio-e-escolhas-alimentares,Suplemento Stop Apetite,60.0,UN,16.85,0.28,€
7710,7626373,bio-e-escolhas-alimentares,"Vegegurte Aveia, Manga e Maracujá",0.15,KG,1.35,9.00,€
7711,7645844,bio-e-escolhas-alimentares,Corn Flakes sem Glúten,0.375,KG,2.63,7.01,€
7712,4086836,bio-e-escolhas-alimentares,Salsichas de Soja,0.39,KG,4.69,12.03,€
7713,7399132,bio-e-escolhas-alimentares,Cereais Bolinhas de Cacau +12M,0.125,KG,2.99,23.92,€
7714,7435425,bio-e-escolhas-alimentares,Sortido de Bolachas de Chocolate Negro,0.2,KG,2.59,12.95,€
7716,6522766,bio-e-escolhas-alimentares,Sal Rosa dos Himalaias Grosso,0.5,KG,1.29,2.58,€
7717,3826783,bio-e-escolhas-alimentares,Tablete de Chocolate Branco Culinária sem Glúten,0.2,KG,1.94,9.70,€
7718,7431756,bio-e-escolhas-alimentares,Pão de Forma Cereais sem Glúten,0.5,KG,3.84,7.68,€
7719,7619444,bio-e-escolhas-alimentares,Nuggets Vegan de Proteína Vegetal,0.3,KG,5.49,18.30,€
7720,5015396,bio-e-escolhas-alimentares,Preparado para Leite de Creme sem Glúten,4.0,KG,1.09,11.85,€
7721,5799770,bio-e-escolhas-alimentares,Molho Vinagrete,0.25,LT,2.07,8.28,€
7722,6083204,bio-e-escolhas-alimentares,Farinha de Coco sem Glúten,0.25,KG,1.99,7.96,€
7723,5895797,bio-e-escolhas-alimentares,Iogurte Natural sem Lactose,0.15,KG,0.93,6.20,€
7724,2820739,bio-e-escolhas-alimentares,Barras Substitutas Refeição Iogurte de Limão,0.128,KG,5.14,40.16,€
7725,5874027,bio-e-escolhas-alimentares,Sumo Cenoura,0.2,LT,1.29,6.45,€
7726,7394720,bio-e-escolhas-alimentares,Granola Original sem Glúten,0.3,KG,4.7,15.67,€
7727,5895756,bio-e-escolhas-alimentares,Manteiga de Amendoim Crocante,0.227,KG,4.24,18.68,€
7728,5244074,bio-e-escolhas-alimentares,Bebida de Chocolate Solúvel 32% Cacau Magro sem Glúten,0.45,KG,3.99,8.87,€
7729,7718438,bio-e-escolhas-alimentares,Almôndegas de Cogumelos,0.42,KG,9.99,23.79,€
7730,6117624,bio-e-escolhas-alimentares,Néctar Laranja e Cenoura com Stevia -40% de Açúcar,3.0,LT,1.15,1.92,€
7731,7417510,bio-e-escolhas-alimentares,Couve Kale Biológica,0.3,KG,1.79,5.97,€
7732,7745728,bio-e-escolhas-alimentares,Iogurte Líquido Banana sem Lactose,0.64,KG,2.16,3.38,€
7733,7158972,bio-e-escolhas-alimentares,Granola All Bran Amêndoa e Sementes de Abóbora,0.38,KG,5.19,13.66,€
7734,2536010,bio-e-escolhas-alimentares,Cacau Magro em Pó,0.125,KG,0.99,7.92,€
7735,2601179,bio-e-escolhas-alimentares,Bebida Isotónica em Pó de Limão,0.4,KG,13.61,34.03,€
7736,6593967,bio-e-escolhas-alimentares,Suplemento Multivitaminas,60.0,UN,17.5,0.29,€
7737,7521663,bio-e-escolhas-alimentares,Barra Low Sugar Salted Chocolate,0.03,KG,1.89,63.00,€
7738,6938793,bio-e-escolhas-alimentares,Granola Frutos Secos,0.35,KG,4.29,12.26,€
7739,4751268,bio-e-escolhas-alimentares,Gomas Marshmallows Tubo sem Glúten,0.09,KG,1.29,14.33,€
7740,5568601,bio-e-escolhas-alimentares,Suplemento L-Carnitine 750 MG Cápsulas,60.0,UN,17.99,0.30,€
7741,6301601,bio-e-escolhas-alimentares,Nestlé Sobremesas Tablete de Chocolate Culinária 70% sem Glúten,0.17,KG,2.59,15.24,€
7742,7577623,bio-e-escolhas-alimentares,Cocktail de Marisco Congelado,0.4,KG,3.76,9.40,€
7744,5756652,bio-e-escolhas-alimentares,Iogurte Pedaços Magro Amora e Framboesa,0.48,KG,2.15,4.48,€
7745,5949633,bio-e-escolhas-alimentares,Rebuçados de Melancia,0.032,KG,0.94,29.38,€
7746,7521661,bio-e-escolhas-alimentares,Barra Low Sugar Salted Caramel,0.03,KG,1.89,63.00,€
7747,2718610,bio-e-escolhas-alimentares,Cereais Corn Flakes,0.375,KG,3.19,8.51,€
7748,7011814,bio-e-escolhas-alimentares,Hambúrguer Clássico de Proteína Vegetal,0.15,KG,4.49,29.93,€
7749,6403752,bio-e-escolhas-alimentares,Barra Proteína Whey&Aveia Framboesa,0.08,KG,1.39,17.38,€
7750,7559257,bio-e-escolhas-alimentares,Cogumelo Shitake Biológico,0.115,KG,1.99,17.30,€
7751,6633091,bio-e-escolhas-alimentares,Granola de Aveia Crocante com Nozes Pecan,0.35,KG,4.99,14.26,€
7752,7642161,bio-e-escolhas-alimentares,Barra Proteica de Amendoim Billion,0.065,KG,1.69,26.00,€
7753,5356825,bio-e-escolhas-alimentares,Salsichas de Porco Lata 6 un sem Glúten,0.35,KG,1.85,11.56,€
7754,6725430,bio-e-escolhas-alimentares,"Super Pequeno Almoço Aveia, Cacau e Avelã sem Glúten",0.3,KG,4.44,14.80,€
7755,5214166,bio-e-escolhas-alimentares,Leite Condensado Magro,0.387,KG,2.59,6.69,€
7756,6858086,bio-e-escolhas-alimentares,Espelta Expandida,0.15,KG,2.55,17.00,€
7757,6403617,bio-e-escolhas-alimentares,Barra Proteína Chocolate com Leite,0.08,KG,1.89,23.63,€
7758,6938792,bio-e-escolhas-alimentares,Crocantes de Quinoa sem Glúten,0.2,KG,2.99,14.95,€
7759,7566321,bio-e-escolhas-alimentares,Wrap Vegetariano,0.183,KG,2.19,11.97,€
7760,7336274,bio-e-escolhas-alimentares,Sazonador para Tacos,0.025,KG,1.39,55.60,€
7761,6001732,bio-e-escolhas-alimentares,Tosta Crocante Quinoa Biológica,0.15,KG,3.93,26.20,€
7762,6927042,bio-e-escolhas-alimentares,Barra de Chocolate Negro e Manteiga de Amendoim sem Glúten,0.04,KG,1.99,49.75,€
7763,7059556,bio-e-escolhas-alimentares,Sortido de Bolachas,0.329,KG,6.14,19.25,€
7764,5918401,bio-e-escolhas-alimentares,Tablete de Chocolate de Leite com Avelã Extrafino sem Glúten,0.123,KG,2.19,17.80,€
7765,6857940,bio-e-escolhas-alimentares,Muesli Proteína,0.375,KG,4.99,13.31,€
7766,7379722,bio-e-escolhas-alimentares,Manteiga de Amêndoa,0.25,KG,5.39,21.56,€
7767,4228857,bio-e-escolhas-alimentares,Bifes de Soja com Molho Tomate,0.25,KG,4.49,17.96,€
7768,2918065,bio-e-escolhas-alimentares,Pastilhas Elásticas Frutos Silvestres,0.0145,KG,0.99,70.71,€
7769,5367284,bio-e-escolhas-alimentares,Cacau Cru em Pepitas sem Glúten,0.1,KG,3.99,39.90,€
7770,7525727,bio-e-escolhas-alimentares,Suplemento Block Carbs & Fats,60.0,UN,16.55,0.28,€
7771,2611866,bio-e-escolhas-alimentares,Flocos Cevada Integral Tostados,0.25,KG,2.29,9.16,€
7772,4878655,bio-e-escolhas-alimentares,Bolachas Integrais de Alfarroba,0.22,KG,2.59,11.77,€
7773,6655127,bio-e-escolhas-alimentares,Cápsulas de Café Honduras Int 9,10.0,UN,2.39,0.24,€
7774,5262293,bio-e-escolhas-alimentares,Bolachas Integrais de Aveia e Canela,0.14,KG,2.49,17.79,€
7775,4039530,bio-e-escolhas-alimentares,Rebuçados de Morango,0.032,KG,0.94,29.38,€
7776,7443354,bio-e-escolhas-alimentares,Marmelada Nature,0.25,KG,3.99,15.96,€
7777,2834855,bio-e-escolhas-alimentares,Pão de Centeio Biológico,0.5,KG,2.62,5.24,€
7778,6252300,bio-e-escolhas-alimentares,Iogurte Líquido Frutos Vermelhos sem Lactose,0.68,KG,2.78,4.09,€
7779,7380487,bio-e-escolhas-alimentares,Cappuccino Proteína com Café Extra,0.4,KG,14.99,37.48,€
7780,7168017,bio-e-escolhas-alimentares,"Boião de Fruta Pera, Banana e Cenoura +4M",0.12,KG,1.19,9.92,€
7781,6753462,bio-e-escolhas-alimentares,Barra Crua Coco e Chia sem Glúten,0.09,KG,2.59,28.78,€
7782,6847495,bio-e-escolhas-alimentares,Bebida Kombucha Framboesa,0.4,LT,2.29,5.73,€
7783,7194655,bio-e-escolhas-alimentares,Leite de Coco,0.33,LT,3.79,11.48,€
7784,2193654,bio-e-escolhas-alimentares,Molho para Massa de Pimento sem Glúten,0.2,KG,2.39,11.95,€
7785,2535999,bio-e-escolhas-alimentares,Chocolate em Pó,0.125,KG,0.74,5.92,€
7786,7640107,bio-e-escolhas-alimentares,Tortilhas sem Glúten,0.216,KG,3.76,17.41,€
7787,7094365,bio-e-escolhas-alimentares,Crackies de Arroz Integral Sabor Iogurte e Chocolate Branco sem Glúten,0.13,KG,2.42,18.62,€
7788,4613283,bio-e-escolhas-alimentares,Batido de Café,0.7,KG,15.99,22.84,€
7790,5409141,bio-e-escolhas-alimentares,Molho de Soja Sushi e Sashimi,0.25,LT,4.74,18.96,€
7791,5485704,bio-e-escolhas-alimentares,"Tempero de Alho, Pimentão e Louro Cubos",8.0,KG,2.49,34.58,€
7792,5779324,bio-e-escolhas-alimentares,Compota Mirtilo,0.25,KG,4.99,19.96,€
7793,6302513,bio-e-escolhas-alimentares,Preparado para Mariscada Ultracongelado,0.5,KG,7.2,14.40,€
7794,5515840,bio-e-escolhas-alimentares,Granola Fruta e Canela,0.35,KG,4.29,12.26,€
7795,2005241,bio-e-escolhas-alimentares,Cacau em Pó sem Glúten,0.125,KG,1.64,13.12,€
7796,7447072,bio-e-escolhas-alimentares,100% Whey Isso & Go Bolacha Maria,0.5,KG,18.99,37.98,€
7797,7330704,bio-e-escolhas-alimentares,Massa Fettuccine de Soja sem Glúten,0.2,KG,3.1,15.50,€
7798,2638105,bio-e-escolhas-alimentares,Drageias de Chocolate de Leite sem Glúten,3.0,KG,1.09,16.52,€
7799,7471012,bio-e-escolhas-alimentares,Bolachas Marinhas Chia,0.2,KG,2.89,14.45,€
7800,6719125,bio-e-escolhas-alimentares,Pasta de Avelã sem Glúten,0.18,KG,5.29,29.39,€
7801,2775639,bio-e-escolhas-alimentares,Bebida Isotónica Ice Storm,0.5,LT,1.09,2.18,€
7802,6873774,bio-e-escolhas-alimentares,Iogurte Proteína Kvarg Coco,0.15,KG,0.88,5.87,€
7803,5386995,bio-e-escolhas-alimentares,Biscoitos de Alfarroba,0.25,KG,3.45,13.80,€
7804,5297245,bio-e-escolhas-alimentares,Tortilha Wrap Amaizin Biológica,0.24,KG,2.89,12.04,€
7805,7417813,bio-e-escolhas-alimentares,Bebida Energética Pêssego sem Açúcar,0.5,LT,0.92,1.84,€
7806,5235704,bio-e-escolhas-alimentares,Tablete de Chocolate Negro com Avelãs sem Glúten,0.125,KG,2.99,23.92,€
7807,7708600,bio-e-escolhas-alimentares,Tortitas de Arroz Natural sem Glúten,0.1,KG,1.09,10.90,€
7808,7708601,bio-e-escolhas-alimentares,Tortitas de Milho Slim Natural sem Glúten,0.1,KG,1.49,14.90,€
7809,7442957,bio-e-escolhas-alimentares,Leite de Coco 17% Gordura,0.4,LT,2.89,7.23,€
7810,6493706,bio-e-escolhas-alimentares,"Barras de Cereais Proteína Coco, Cacau e Caju Special K",0.112,KG,2.44,21.79,€
7811,7642094,bio-e-escolhas-alimentares,Cereais Estrelas de Manga e Abóbora Monstrinhos,0.125,KG,2.99,23.92,€
7812,5895640,bio-e-escolhas-alimentares,Granola Aveia,0.375,KG,5.55,14.80,€
7813,7482869,bio-e-escolhas-alimentares,Vegegurte Amêndoa com Pêssego e Maracujá,0.24,KG,1.4,5.83,€
7814,7383382,bio-e-escolhas-alimentares,Mistura Chinesa sem Glúten,0.56,KG,1.15,6.39,€
7815,5948660,bio-e-escolhas-alimentares,Empadas de Soja,4.0,KG,4.59,17.65,€
7816,7252430,bio-e-escolhas-alimentares,Tablete de Chocolate Negro Excellence 90% Cacau,0.1,KG,3.49,34.90,€
7817,6413573,bio-e-escolhas-alimentares,V-Protein Avelã,0.24,KG,13.99,58.29,€
7818,7394717,bio-e-escolhas-alimentares,Cereais Corn Flakes sem Glúten,0.25,KG,2.99,11.96,€
7819,5883535,bio-e-escolhas-alimentares,Tortitas de Milho e Chia sem Glúten,0.12,KG,2.59,21.58,€
7820,6330216,bio-e-escolhas-alimentares,Tempero em Pó de Galinha sem Glúten,0.135,KG,4.3,31.85,€
7821,7722337,bio-e-escolhas-alimentares,Bebida de Chocolate Solúvel sem Glúten,0.32,UN,4.99,4.99,€
7822,7634893,bio-e-escolhas-alimentares,Rabanetes Crocantes e Cogumelos Desidratados,0.025,KG,1.99,99.50,€
7823,7444798,bio-e-escolhas-alimentares,Cocogurte Pêssego e Maracujá,0.24,KG,1.64,6.83,€
7824,7308600,bio-e-escolhas-alimentares,Pepitas de Chocolate 100% Cacau sem Glúten,0.2,KG,3.04,15.20,€
7825,5632667,bio-e-escolhas-alimentares,Tablete de Chocolate 85% Cacau sem Glúten,0.1,KG,2.19,21.90,€
7826,7351682,bio-e-escolhas-alimentares,Tus Recetas Mediterrâneo sem Glúten,0.359,KG,2.99,9.97,€
7827,6823923,bio-e-escolhas-alimentares,Curcuma,0.042,KG,2.69,64.05,€
7828,7708104,bio-e-escolhas-alimentares,Bolachas de Aveia e Frutos Vermelhos sem Glúten,0.16,KG,1.78,11.12,€
7829,5883510,bio-e-escolhas-alimentares,Tortitas de Milho sem Glúten,0.12,KG,1.99,16.58,€
7830,3599628,bio-e-escolhas-alimentares,Adoçante em Pó,0.09,KG,3.14,34.89,€
7831,7330840,bio-e-escolhas-alimentares,Bolas Energéticas de Avelã e Cacau,0.034,KG,0.99,29.12,€
7832,7560827,bio-e-escolhas-alimentares,Coxinhas Vegan,0.15,KG,2.49,16.60 ,€
7833,6403746,bio-e-escolhas-alimentares,Suplemento Concentrado de Colagénio,90.0,UN,15.99,0.18,€
7834,2003273,bio-e-escolhas-alimentares,Cereais Integrais Mix,0.375,KG,2.59,6.91,€
7835,2404499,bio-e-escolhas-alimentares,Iogurte Natural,0.15,KG,1.01,6.73,€
7836,2410874,bio-e-escolhas-alimentares,Doce 4 Frutos,0.284,KG,4.39,15.46,€
7837,6556709,bio-e-escolhas-alimentares,Geleia de Agave,0.36,LT,5.24,14.56,€
7838,7478424,bio-e-escolhas-alimentares,Yofu Grego Natural,0.5,KG,3.38,6.76,€
7839,6831382,bio-e-escolhas-alimentares,Farinha de Aveia sem Glúten,0.25,KG,1.87,€7.48, 
7840,6907373,bio-e-escolhas-alimentares,Molho Picante Jalapeno,0.05,LT,2.39,47.80,€
7841,6469301,bio-e-escolhas-alimentares,Topping de Chocolate sem Glúten,0.295,KG,2.09,7.08,€
7842,2037302,bio-e-escolhas-alimentares,Pastilhas Elásticas de Menta,4.0,KG,2.1,37.50,€
7843,6725440,bio-e-escolhas-alimentares,"Super Pequeno Almoço Aveia, Chia e Amendoim sem Glúten",0.3,KG,4.44,14.80,€
7844,7523164,bio-e-escolhas-alimentares,Pão Fatiado Multicereal sem Glúten,0.32,KG,5.25,16.41,€
7845,7718435,bio-e-escolhas-alimentares,Almôndegas de Beterraba,0.42,KG,9.99,23.79,€
7846,7429779,bio-e-escolhas-alimentares,Palmier Simples sem Glúten,0.15,KG,2.71,18.07,€
7847,7417819,bio-e-escolhas-alimentares,Bebida Energética Framboesa sem Açúcar,0.5,LT,0.92,1.84,€
7848,5752442,bio-e-escolhas-alimentares,Iogurte Magro Natural,0.75,KG,3.38,4.51,€
7849,6979737,bio-e-escolhas-alimentares,Iogurte Bifidus Framboesa e Amêndoa Eleva sem Lactose,0.46,KG,1.88,4.09,€
7850,7306196,bio-e-escolhas-alimentares,Muesli Superior,0.4,KG,5.99,14.98,€
7851,6903964,bio-e-escolhas-alimentares,Massa Fusilli de Milho sem Glúten,0.25,KG,2.44,9.76,€
7852,7379960,bio-e-escolhas-alimentares,Pão Branco sem Glúten,0.3,KG,4.22,14.07,€
7854,7131363,bio-e-escolhas-alimentares,Granola Coco e Goji,0.3,KG,3.79,12.63,€
7855,7410987,bio-e-escolhas-alimentares,Bebida Kombucha Chá Melancia Zero,0.4,LT,2.29,5.73,€
7856,5036358,bio-e-escolhas-alimentares,Óleo de Sésamo,0.5,LT,9.5,19.00,€
7857,7070994,bio-e-escolhas-alimentares,Whey Choco Butter,0.2,KG,4.49,22.45,€
7858,7244182,bio-e-escolhas-alimentares,Nestlé Dark Tablete de Chocolate Negro 85% Cacau sem Glúten,0.12,KG,2.99,24.92,€
7859,7003018,bio-e-escolhas-alimentares,Tablete de Chocolate Framboesa e Avelã Excellence 70% Cacau,0.1,KG,2.99,29.90,€
7861,7718446,bio-e-escolhas-alimentares,Almôndegas de Brócolos,0.42,KG,9.99,23.79,€
7862,4807620,bio-e-escolhas-alimentares,Crackies de Arroz Integral sem Sal sem Glúten,0.13,KG,1.59,12.23,€
7863,5418185,bio-e-escolhas-alimentares,Biscoitos Integrais de Canela,0.2,KG,2.99,14.95,€
7864,6593933,bio-e-escolhas-alimentares,Suplemento Mega CLA 1000 mg Cápsulas,100.0,UN,17.99,0.18,€
7865,7155882,bio-e-escolhas-alimentares,Ervilhas sem Glúten,0.38,KG,3.69,14.19,€
7866,5121486,bio-e-escolhas-alimentares,Tablete de Chocolate Negro,0.1,KG,1.74,17.40,€
7867,6537482,bio-e-escolhas-alimentares,"Papas de Aveia, Banana e Cacau",0.3,KG,4.99,16.63,€
7868,7323417,bio-e-escolhas-alimentares,V-Protein Baunilha,0.24,KG,13.99,58.29,€
7869,6523177,bio-e-escolhas-alimentares,Iogurte Cremoso Coco e Ananás,0.135,KG,1.54,11.41,€
7870,5779322,bio-e-escolhas-alimentares,Compota Morango,0.25,KG,4.59,18.36,€
7872,6593844,bio-e-escolhas-alimentares,Barra Endurance Salt Bar Chocolate e Amendoins,0.04,KG,1.98,49.50,€
7873,4117164,bio-e-escolhas-alimentares,Rebuçados de Café Mini sem Glúten,0.2,KG,1.99,9.95,€
7874,2134725,bio-e-escolhas-alimentares,Bolachas Diet Fibra Integrais,0.25,KG,2.74,10.96,€
7875,5895715,bio-e-escolhas-alimentares,Granola Krunchy de Avelã  e Chocolate Negro,0.375,KG,5.55,14.80,€
7876,7523163,bio-e-escolhas-alimentares,Pão Fatiado Integral sem Glúten,0.34,KG,5.25,15.44,€
7877,6262024,bio-e-escolhas-alimentares,Bulgur sem Glúten,0.5,KG,3.49,6.98,€
7878,6924270,bio-e-escolhas-alimentares,Açaí,0.5,UN,6.59,6.59,€
7879,7630250,bio-e-escolhas-alimentares,Pizza de Legumes Assados e Queijo Vegetariana,0.36,KG,4.59,12.75,€
7880,6817204,bio-e-escolhas-alimentares,Massa Noodles,0.25,KG,3.0,12.00,€
7881,7631306,bio-e-escolhas-alimentares,Iogurte Vegetal Crema Catalana,0.135,KG,1.5,11.11,€
7882,2925070,bio-e-escolhas-alimentares,Pastilhas Elásticas de Morango,1.0,KG,0.99,61.88,€
7883,7675413,bio-e-escolhas-alimentares,Infusão Ananás H2O,8.0,KG,2.99,332.22,€
7884,6244386,bio-e-escolhas-alimentares,Chilli Vegetal,0.32,KG,4.65,14.53,€
7885,7110619,bio-e-escolhas-alimentares,Farinha de Coco sem Glúten,0.5,KG,2.39,4.78,€
7886,7376244,bio-e-escolhas-alimentares,Bolachas Digestivas,0.174,KG,1.89,10.86,€
7888,7745731,bio-e-escolhas-alimentares,Iogurte aroma Morango e Tutti Frutti sem Lactose,0.48,KG,1.87,3.90,€
7889,6413504,bio-e-escolhas-alimentares,V-Protein Banana,0.24,KG,13.99,58.29,€
7890,6403714,bio-e-escolhas-alimentares,Queima Gorduras Extra Forte,60.0,UN,14.99,0.25,€
7891,6819559,bio-e-escolhas-alimentares,Flocos Aveia Integral Prensados sem Glúten,0.4,KG,1.29,3.23,€
7892,5818313,bio-e-escolhas-alimentares,Açúcar Branco com Stevia,0.5,KG,2.07,4.14,€
7893,6847515,bio-e-escolhas-alimentares,Bebida Kombucha Original,0.4,LT,2.29,5.73,€
7894,7439760,bio-e-escolhas-alimentares,Bebida de Chocolate Solúvel Signature 42% Cacau sem Glúten,0.33,KG,5.19,15.73,€
7895,6928244,bio-e-escolhas-alimentares,Tapioca Hidratada sem Glúten,0.5,KG,3.99,7.98,€
7896,5918466,bio-e-escolhas-alimentares,Nestlé Dark Tablete de Chocolate Negro sem Glúten,0.125,KG,1.66,13.28,€
7897,7478423,bio-e-escolhas-alimentares,Yofu Bifidus Muesli,0.25,KG,2.01,8.04,€
7898,7626370,bio-e-escolhas-alimentares,Vegegurte Aveia,0.15,KG,1.31,8.73,€
7899,6295211,bio-e-escolhas-alimentares,Molho Chutney de Manga e Gengibre em Vidro sem Glúten,0.35,KG,3.87,11.06,€
7900,7519792,bio-e-escolhas-alimentares,Iogurte Proteína Quark Morango e Framboesa,0.28,KG,1.4,5.00,€
7901,7251720,bio-e-escolhas-alimentares,Salsichas Vegetais Frasco 5 un,0.41,KG,3.34,15.18,€
7902,6616066,bio-e-escolhas-alimentares,Óleo de Coco Virgem,0.2,LT,2.24,11.20,€
7905,7721594,bio-e-escolhas-alimentares,Vitamina C e Ácido Hialurónico,30.0,KG,7.99,185.81,€
7906,6686860,bio-e-escolhas-alimentares,Tablete de Chocolate Negro 90% Cacau sem Glúten,0.1,KG,2.99,29.90,€
7907,7375249,bio-e-escolhas-alimentares,Taco Shells,0.156,KG,3.49,22.37,€
7908,4430315,bio-e-escolhas-alimentares,Batido de Morango,0.7,KG,15.99,22.84,€
7909,4345419,bio-e-escolhas-alimentares,Bolachas Caramelizadas,0.124,KG,1.79,14.44,€
7910,7584619,bio-e-escolhas-alimentares,Pão Ralado Pangrattato sem Glúten,0.5,KG,4.03,8.06,€
7911,7057128,bio-e-escolhas-alimentares,Adoçante Eritritol com Stevia,0.5,KG,6.99,13.98,€
7912,5895572,bio-e-escolhas-alimentares,Arroz Puff Expandido,0.15,KG,2.49,16.60,€
7913,3610200,bio-e-escolhas-alimentares,Caldo para Arroz Cubos sem Glúten,8.0,KG,2.3,28.75,€
7914,7644007,bio-e-escolhas-alimentares,Bolachas Crackers Cacau e Avelã,0.164,KG,2.99,18.23,€
7915,5235710,bio-e-escolhas-alimentares,Tablete de Chocolate Negro sem Glúten,0.1,KG,2.49,24.90,€
7916,7375397,bio-e-escolhas-alimentares,Tablete de Chocolate Culinária Proteico sem Glúten,0.2,KG,3.99,19.95,€
7917,6297328,bio-e-escolhas-alimentares,Pastilhas Elásticas Senses Spearmint,0.023,KG,0.99,43.04,€
7918,2758440,bio-e-escolhas-alimentares,Feijão Azuki,0.5,KG,3.45,6.90,€
7919,5874289,bio-e-escolhas-alimentares,Drageias Gorila Go Fruity Morango,0.02,UN,0.76,38.00,€
7921,7613020,bio-e-escolhas-alimentares,Proteína Vegetal Cacau,0.24,KG,11.9,49.58,€
7922,2680883,bio-e-escolhas-alimentares,Cereais Corn Flakes Zero,0.375,KG,2.59,6.91,€
7923,4102754,bio-e-escolhas-alimentares,Pastilhas Elásticas de Frutos Vermelhos sem Glúten,0.03,KG,1.85,61.67,€
7924,7525532,bio-e-escolhas-alimentares,Extrato de Aloé Vera,0.5,LT,12.09,24.18,€
7925,7407778,bio-e-escolhas-alimentares,Cápsulas de Café Int 9,10.0,UN,3.59,0.36,€
7926,7156311,bio-e-escolhas-alimentares,Flocos Aveia Pequenos,0.5,KG,1.49,2.98,€
7927,6469296,bio-e-escolhas-alimentares,Topping de Morango sem Glúten,0.295,KG,2.09,7.08,€
7928,7647227,bio-e-escolhas-alimentares,Barra de Sésamo e Chia sem Glúten,0.04,KG,0.89,22.25,€
7930,5442641,bio-e-escolhas-alimentares,Leite Meio Gordo Infantil sem Lactose + 3 Anos,4.0,LT,2.19,2.74,€
7931,7583977,bio-e-escolhas-alimentares,Pão Panino Hambúrguer XL sem Glúten,0.2,KG,4.22,21.10,€
7932,2167531,bio-e-escolhas-alimentares,Pastilhas Elásticas de Spearmint,4.0,KG,2.1,37.50,€
7933,7651842,bio-e-escolhas-alimentares,Farinha de Aveia sem Glúten,0.5,KG,1.87,3.74,€
7934,6831361,bio-e-escolhas-alimentares,Moinho 4 Bagas,0.025,KG,3.36,134.40,€
7935,5895551,bio-e-escolhas-alimentares,Cacau em Pepitas sem Glúten,0.1,KG,3.99,39.90,€
7936,5568611,bio-e-escolhas-alimentares,Magnésio 600 MG Cápsulas,60.0,UN,13.5,0.23,€
7937,5305704,bio-e-escolhas-alimentares,Suplemento Desportistas Creatina 1000 mg Comprimidos,60.0,UN,13.99,0.23,€
7938,7407845,bio-e-escolhas-alimentares,Barra Proteica Morango Zero,0.04,KG,1.69,42.25,€
7940,6995960,bio-e-escolhas-alimentares,Preparado para Panquecas com Banana e Canela sem Glúten,0.4,KG,4.28,10.70,€
7941,6995943,bio-e-escolhas-alimentares,Preparado para Panquecas com Amendoim e Pepitas de Chocolate sem Glúten,0.4,KG,4.28,10.70,€
7942,6718362,bio-e-escolhas-alimentares,Polvilho Doce sem Glúten,0.5,KG,4.04,8.08,€
7943,4412155,bio-e-escolhas-alimentares,Tablete de Chocolate Plus Noir com Pepitas de Cacau Caramelizadas sem Glúten,0.1,KG,2.69,26.90,€
7944,7705858,bio-e-escolhas-alimentares,Chá Maçã e Canela,0.1,KG,9.95,99.50,€
7945,7071520,bio-e-escolhas-alimentares,Chococandy Zero,0.04,KG,1.09,27.25,€
7946,6582007,bio-e-escolhas-alimentares,Infusão Detox Saquetas,10.0,UN,1.09,0.11,€
7947,7463789,bio-e-escolhas-alimentares,Delícias de Salmão Fumado Congelado,0.125,KG,0.93,7.44,€
7948,3792144,bio-e-escolhas-alimentares,Caldo para Bifes Cubos sem Glúten,8.0,KG,2.3,28.75,€
7949,7522849,bio-e-escolhas-alimentares,Açaí em Pó,0.05,KG,7.99,159.80,€
7951,5333080,bio-e-escolhas-alimentares,Quinoa Real,0.25,KG,3.99,15.96,€
7952,4491887,bio-e-escolhas-alimentares,Gomas Sortido Ácido sem Glúten,0.15,KG,1.94,12.93,€
7953,4904751,bio-e-escolhas-alimentares,Cereais Chocolate,0.5,KG,5.19,10.38,€
7954,7523645,bio-e-escolhas-alimentares,Doce de Abóbora,0.25,KG,2.79,11.16,€
7955,6523894,bio-e-escolhas-alimentares,Caramelos de Fruta sem Glúten,0.15,KG,2.55,17.00,€
7956,7407646,bio-e-escolhas-alimentares,Suplemento Probiótico Complex,60.0,UN,14.99,0.25,€
7957,2016297,bio-e-escolhas-alimentares,Pickles sem Glúten,0.35,KG,2.84,13.52,€
7958,5488397,bio-e-escolhas-alimentares,Farinha de Polenta sem Glúten,0.5,KG,1.35,2.70,€
7959,6997478,bio-e-escolhas-alimentares,Tablete de Chocolate Negro com Amêndoa 85% Cacau sem Glúten,0.2,KG,3.29,16.45,€
7961,7466821,bio-e-escolhas-alimentares,Snack Bites de Frango Bica Pica,0.02,KG,1.68,84.00,€
7962,6617972,bio-e-escolhas-alimentares,Pancake + Protein Panquecas de Aveia com Proteína Pepitas de Chocolate,0.4,KG,11.99,29.98,€
7963,5036216,bio-e-escolhas-alimentares,Tempeh Refrigerado Biológico,0.25,KG,3.99,15.96,€
7964,2963039,bio-e-escolhas-alimentares,Farinha de Arroz Integral,0.5,KG,2.75,5.50,€
7965,7595234,bio-e-escolhas-alimentares,Leite Proteína Café sem Lactose,3.0,LT,2.99,3.99,€
7966,7634892,bio-e-escolhas-alimentares,Mix de Pimento e Feijão Verde Crocantes,0.025,KG,1.99,99.50,€
7967,7323414,bio-e-escolhas-alimentares,V-Protein Morango,0.24,KG,13.99,58.29,€
7968,7712569,bio-e-escolhas-alimentares,Amêndoas Chocolate,0.125,KG,1.79,14.32,€
7969,2003840,bio-e-escolhas-alimentares,Caramelos de Leite sem Glúten,0.25,KG,2.99,11.96,€
7970,6819558,bio-e-escolhas-alimentares,Flocos Aveia Integral Finos sem Glúten,0.4,KG,2.06,5.15,€
7971,6530414,bio-e-escolhas-alimentares,Sementes de Cânhamo Biológico,0.1,KG,3.29,32.90,€
7972,2260330,bio-e-escolhas-alimentares,Pastilhas Elásticas Spearmint,0.0145,KG,0.99,70.71,€
7973,5562556,bio-e-escolhas-alimentares,Bolachas Digestivas Avenacol,0.3,KG,2.99,9.97,€
7975,3898793,bio-e-escolhas-alimentares,Beijinhos de Chocolate Recheados com Baunilha,0.1,KG,1.15,11.50,€
7976,5615869,bio-e-escolhas-alimentares,Sopa Miso Instantânea,0.0925,KG,3.99,43.37,€
7977,6556932,bio-e-escolhas-alimentares,Farinha de Aveia,0.25,KG,1.59,6.36,€
7978,3661759,bio-e-escolhas-alimentares,Sumo 100% Tomate,0.2,LT,0.89,4.45,€
7979,2404476,bio-e-escolhas-alimentares,Barras de Cereais Avelã Muesli,0.15,KG,3.59,23.93,€
7980,7506224,bio-e-escolhas-alimentares,Iogurte +Proteína Pouch Baunilha,0.4,KG,2.06,5.15,€
7981,7338780,bio-e-escolhas-alimentares,Suplemento Thermogenic,60.0,UN,12.99,0.22,€
7982,6161810,bio-e-escolhas-alimentares,Molho Picante Chipotle sem Glúten,0.06,LT,3.19,53.17,€
7983,7208745,bio-e-escolhas-alimentares,Cereais Starz com Mel,0.65,KG,3.95,6.08,€
7984,7361466,bio-e-escolhas-alimentares,Caldo de Galinha Cubos sem Sal sem Glúten,8.0,KG,2.49,3.46,€
7985,5553355,bio-e-escolhas-alimentares,Barra Energética Chocolate,3.0,KG,7.59,72.29,€
7986,6866543,bio-e-escolhas-alimentares,"Pequeno Almoço Aveia, Framboesa e Banana sem Glúten",0.3,KG,4.44,14.80,€
7988,6335939,bio-e-escolhas-alimentares,Cápsulas de Cafés Int 7,10.0,UN,4.59,0.46,€
7989,6819471,bio-e-escolhas-alimentares,Flocos Milho,0.3,KG,2.69,8.97,€
7990,5367322,bio-e-escolhas-alimentares,Barras de Cereais de Frutos Secos e Sementes,0.072,KG,3.29,45.69,€
7991,7479767,bio-e-escolhas-alimentares,Farinha Láctea Frutas +4M sem Glúten,0.25,KG,3.19,12.76,€
7992,6903963,bio-e-escolhas-alimentares,Massa Penne de Lentilhas Vermelhas sem Glúten,0.25,KG,3.72,14.88,€
7993,7062754,bio-e-escolhas-alimentares,"Trigo, Tomate e Manjericão sem Glúten",0.25,KG,2.29,9.16,€
7994,2559542,bio-e-escolhas-alimentares,Puré de Maçã para Sobremesas sem Glúten,0.75,KG,3.59,4.79,€
7995,7482867,bio-e-escolhas-alimentares,Vegegurte Amêndoa Natural,0.24,KG,1.4,5.83,€
7996,6556962,bio-e-escolhas-alimentares,Farinha de Amêndoa sem Glúten,0.2,KG,7.49,37.45,€
7997,6582543,bio-e-escolhas-alimentares,Cápsulas de Café Peru Espresso Int 8,12.0,UN,5.89,0.49,€
7998,7714803,bio-e-escolhas-alimentares,Lummus de Tomate Seco,0.2,KG,2.99,14.95,€
7999,7588180,bio-e-escolhas-alimentares,Salsichas Vegan,0.2,KG,3.59,17.95,€
8000,5042846,bio-e-escolhas-alimentares,Mistura de Falafel,0.15,KG,2.39,15.93,€
8001,6593899,bio-e-escolhas-alimentares,Suplemento Ómega+,90.0,UN,12.99,0.14,€
8002,7545884,bio-e-escolhas-alimentares,Óleo de Coco Desodorizado,0.415,LT,6.79,16.36,€
8003,2601169,bio-e-escolhas-alimentares,Bebida Isotónica em Pó de Laranja,0.4,KG,13.61,34.03,€
8004,5316679,bio-e-escolhas-alimentares,Chupas Mini Sortido sem Glúten,0.12,KG,3.6,30.00,€
8005,4991508,bio-e-escolhas-alimentares,Palitos La Reine,0.2,KG,3.09,15.45,€
8006,7637163,bio-e-escolhas-alimentares,Iogurte Proteína Natural,0.5,KG,2.93,5.86,€
8007,7577540,bio-e-escolhas-alimentares,Preparado para Massada de Marisco sem Glúten Congelado,0.8,KG,7.53,9.41,€
8008,7293062,bio-e-escolhas-alimentares,Molho Piri-piri sem Glúten,0.18,LT,1.65,9.17,€
8009,7754423,bio-e-escolhas-alimentares,Molho Agridoce Top Down sem Glúten,0.28,KG,2.99,10.68,€
8010,7228113,bio-e-escolhas-alimentares,Bolachas Limão Vicenzi sem Glúten,0.15,KG,4.7,31.33,€
8011,6530411,bio-e-escolhas-alimentares,Moringa em Pó,0.1,KG,6.49,64.90,€
8012,6367104,bio-e-escolhas-alimentares,Curcuma Biológica,0.125,KG,1.39,11.12,€
8013,7554423,bio-e-escolhas-alimentares,Bolachas Limão sem Glúten,0.125,KG,2.14,17.12,€
8014,6537478,bio-e-escolhas-alimentares,"Papas de Aveia, Maçã e Canela",0.3,KG,4.99,16.63,€
8015,7519787,bio-e-escolhas-alimentares,Iogurte Proteína Quark Natural,0.28,KG,1.4,5.00,€
8016,4036377,bio-e-escolhas-alimentares,Farinha de Mandioca sem Glúten,0.5,KG,1.99,3.98,€
8017,5255294,bio-e-escolhas-alimentares,Iogurte Magro Aroma Morango,0.72,KG,2.15,2.99,€
8018,7158976,bio-e-escolhas-alimentares,Cereais Special K Aveia e Mel,0.42,KG,3.24,7.71,€
8019,2601182,bio-e-escolhas-alimentares,Bebida Isotónica em Pó Fresh,0.4,KG,13.61,34.03,€
8020,2340420,bio-e-escolhas-alimentares,Farinha de Milho sem Glúten,1.0,KG,2.65,2.65,€
8021,6919361,bio-e-escolhas-alimentares,Doce de Mirtilo,0.24,KG,3.89,16.21,€
8022,7143282,bio-e-escolhas-alimentares,Polvilho Doce sem Glúten,0.5,KG,2.99,5.98,€
8023,6617965,bio-e-escolhas-alimentares,Leite com Proteína Chocolate,0.33,LT,1.97,5.97,€
8024,4725790,bio-e-escolhas-alimentares,Crackies de Arroz Integral com Sal sem Glúten,0.13,KG,1.59,12.23,€
8025,6482855,bio-e-escolhas-alimentares,Piri-Piri com Azeite Extra Forte sem Glúten,0.05,LT,2.39,47.80,€
8026,6173744,bio-e-escolhas-alimentares,Salsichas de Soja,0.4,KG,4.99,19.96,€
8027,7116704,bio-e-escolhas-alimentares,Farinha para Pão sem Glúten,1.0,KG,2.82,2.82,€
8028,5103544,bio-e-escolhas-alimentares,SOS Drenagem Mulher,0.5,LT,11.39,22.78,€
8029,5615876,bio-e-escolhas-alimentares,Pasta Wasabi,0.045,KG,4.59,102.00,€
8030,6083203,bio-e-escolhas-alimentares,Açúcar de Coco,0.25,KG,3.49,13.96,€
8031,5895736,bio-e-escolhas-alimentares,Manteiga de Cacau e Avelã sem Glúten,0.2,KG,4.05,20.25,€
8033,7497974,bio-e-escolhas-alimentares,Pastilhas Elásticas de Gengibre e Açafrão,0.021,KG,1.99,94.76,€
8034,7482855,bio-e-escolhas-alimentares,Vegegurte Coco Natural,0.24,KG,1.31,5.46,€
8035,7550686,bio-e-escolhas-alimentares,Molho Almô sem Glúten,0.45,KG,2.84,6.31,€
8036,5186561,bio-e-escolhas-alimentares,Biscoitos Gengibre e Canela,0.25,KG,2.69,10.76,€
8037,6413512,bio-e-escolhas-alimentares,V-Protein Chocolate,0.24,KG,13.99,58.29,€
8038,7227860,bio-e-escolhas-alimentares,"Mistura para Muffins Maçã, Canela e Gengibre sem Glúten",0.35,KG,4.28,12.23,€
8039,7264933,bio-e-escolhas-alimentares,Granola Superior,0.4,KG,5.09,12.73,€
8040,7594142,bio-e-escolhas-alimentares,Almôndegas Vegetais,0.15,KG,4.19,27.93,€
8041,7094368,bio-e-escolhas-alimentares,Crackies de Arroz Integral com Chocolate Preto sem Glúten,0.13,KG,2.27,17.46,€
8042,5870498,bio-e-escolhas-alimentares,Óleo de Coco Virgem,0.2,LT,3.83,19.15,€
8043,7264817,bio-e-escolhas-alimentares,Barra Endurance Salt Bar Chocolate e Avelã,0.04,KG,1.98,49.50,€
8044,7550437,bio-e-escolhas-alimentares,Bolas Energéticas Cacau e Avelã,0.034,KG,0.99,29.12,€
8045,2605037,bio-e-escolhas-alimentares,Pó Efervescente Tradicional,10.0,KG,5.49,109.80,€
8046,6482860,bio-e-escolhas-alimentares,Molho de Francesinha,0.5,KG,1.99,3.98,€
8047,6043643,bio-e-escolhas-alimentares,Gomas Sortido Party Mix sem Glúten,0.42,KG,3.15,7.50,€
8048,2611850,bio-e-escolhas-alimentares,Flocos Trigo Integral,0.25,KG,1.74,6.96,€
8049,7486892,bio-e-escolhas-alimentares,Papa Infantil Farinha Láctea 1ª Papa +4M sem Glúten,0.25,KG,3.19,12.76,€
8050,2747592,bio-e-escolhas-alimentares,Bebida Energética Gaseificada sem Açúcar,0.25,LT,1.49,5.96,€
8051,6212018,bio-e-escolhas-alimentares,Yofu Mirtilo,0.4,KG,3.05,7.63,€
8052,7628360,bio-e-escolhas-alimentares,Gold Drink Laranja,0.5,KG,9.34,18.68,€
8053,6903231,bio-e-escolhas-alimentares,Vinagre Balsâmico de Modena,0.25,LT,2.51,10.04,€
8054,7375863,bio-e-escolhas-alimentares,Manteiga Amendoim Suave sem Glúten,0.34,KG,4.49,13.21,€
8055,2605040,bio-e-escolhas-alimentares,Sais em Pó Efervescente de Laranja,10.0,KG,5.49,109.80,€
8056,4943384,bio-e-escolhas-alimentares,Água de Coco,0.5,LT,3.89,7.78,€
8057,5822174,bio-e-escolhas-alimentares,Flocos Cevada Integrais,0.4,KG,1.39,3.48,€
8058,7549467,bio-e-escolhas-alimentares,Massa Fusilli de Grão de Bico sem Glúten,0.25,KG,4.14,16.56,€
8059,2418276,bio-e-escolhas-alimentares,Pastilhas Elásticas Morango,0.0145,KG,0.99,70.71,€
8060,7675390,bio-e-escolhas-alimentares,Infusão Limão H2O,8.0,KG,2.99,332.22,€
8062,7100537,bio-e-escolhas-alimentares,Flocos de Aveia Instantâneos sem Glúten,0.4,KG,1.39,3.47,€
8063,7306233,bio-e-escolhas-alimentares,Muesli de Coco sem Glúten,0.4,KG,4.23,10.58,€
8065,2605032,bio-e-escolhas-alimentares,Sais em Pó Efervescente Tradicional,0.15,KG,7.19,47.93,€
8066,7675388,bio-e-escolhas-alimentares,Infusão Laranja H2O,8.0,KG,2.99,332.22,€
8067,7657315,bio-e-escolhas-alimentares,Leite Magro Proteína Chocolate,0.25,LT,1.49,5.96,€
8068,4668254,bio-e-escolhas-alimentares,Geleia de Agave,0.5,KG,6.99,13.98,€
8069,6719092,bio-e-escolhas-alimentares,Manteiga de Amendoim com Coco sem Glúten,0.225,KG,2.99,13.29,€
8070,5485717,bio-e-escolhas-alimentares,Tempero de Alho e Salsa Cubos sem Glúten,8.0,KG,2.49,34.58,€
8071,7251556,bio-e-escolhas-alimentares,Manteiga de Avelã 100% sem Glúten,0.2,KG,5.99,29.95,€
8072,6259600,bio-e-escolhas-alimentares,Molho Agridoce,0.25,LT,2.45,9.80,€
8073,7642093,bio-e-escolhas-alimentares,Cereais Bolas de Cacau Monstrinhos,0.125,KG,2.99,23.92,€
8074,6561375,bio-e-escolhas-alimentares,Hambúrguer Sementes sem Glúten,0.16,KG,3.39,21.19,€
8075,4366043,bio-e-escolhas-alimentares,Drageias de Peppermint,0.035,KG,2.3,65.71,€
8076,5055506,bio-e-escolhas-alimentares,Aveia Instantânea,0.5,KG,2.29,4.58,€
8077,7638266,bio-e-escolhas-alimentares,Focaccia sem Glúten,0.17,KG,4.69,27.59,€
8078,7550438,bio-e-escolhas-alimentares,Bolas Energéticas Amendoim e Banana,0.034,KG,0.99,29.12,€
8079,6645541,bio-e-escolhas-alimentares,Ervas de Provence,0.016,KG,1.71,106.88,€
8080,7461729,bio-e-escolhas-alimentares,Muesli Proteína Chocolate,0.4,KG,4.99,12.48,€
8081,6908614,bio-e-escolhas-alimentares,Super Papas Aveia Cacau e Avelã sem Glúten,0.05,KG,1.49,29.80,€
8082,7364798,bio-e-escolhas-alimentares,Bolachas de Aveia com Frutos Vermelhos,0.2,KG,2.39,11.95,€
8083,5011770,bio-e-escolhas-alimentares,Drageias de Morango,0.07,KG,4.0,57.14,€
8084,5726134,bio-e-escolhas-alimentares,Iogurte Aroma Morango sem Lactose,0.48,KG,2.08,4.33,€
8085,5321784,bio-e-escolhas-alimentares,Pastilhas Elásticas de Bubblemint,0.016,KG,0.99,61.88,€
8087,7473299,bio-e-escolhas-alimentares,Manteiga de Amendoim sem Glúten,0.2,KG,2.99,14.95,€
8088,7715985,bio-e-escolhas-alimentares,Fingers Vegan,0.16,KG,4.39,27.44,€
8089,7362989,bio-e-escolhas-alimentares,Leite Evaporado sem Glúten,0.41,KG,1.49,3.63,€
8090,6453855,bio-e-escolhas-alimentares,Super Pequeno Almoço Banana e Cacau sem Glúten,0.3,KG,5.99,19.97,€
8091,5895737,bio-e-escolhas-alimentares,Manteiga de Coco sem Glúten,0.2,KG,4.15,20.75,€
8092,2188765,bio-e-escolhas-alimentares,Caramelos com Pinhão sem Glúten,0.2,KG,4.18,20.90,€
8093,6903967,bio-e-escolhas-alimentares,Massa de Arroz Integral sem Glúten,0.27,KG,2.72,10.88,€
8094,6593816,bio-e-escolhas-alimentares,Barra Proteína Low Sugar Double Chocolate,0.06,KG,2.99,49.83,€
8095,6253224,bio-e-escolhas-alimentares,Suplemento Alimentar Ultra Drenó-Volum,0.5,LT,11.29,22.58,€
8096,5586275,bio-e-escolhas-alimentares,Cereais Crunchy Nut,0.5,KG,4.59,9.18,€
8097,7522769,bio-e-escolhas-alimentares,Barra Proteína Bolacha,0.05,KG,1.25,25.00,€
8098,5198480,bio-e-escolhas-alimentares,Molho de Francesinha,0.5,KG,4.29,8.58,€
8100,2616039,bio-e-escolhas-alimentares,Barra Energética Banana,3.0,KG,7.65,63.75,€
8101,7227861,bio-e-escolhas-alimentares,Mistura para Brownie sem Glúten,0.35,KG,4.28,12.23,€
8102,6819585,bio-e-escolhas-alimentares,Puff de Trigo,0.15,KG,1.89,12.60,€
8103,7552769,bio-e-escolhas-alimentares,Refeição Caril e Grão Vegalia,0.42,KG,4.49,10.69,€
8104,7270714,bio-e-escolhas-alimentares,Suplemento Alimentar Limão Gold + Crómio,40.0,UN,11.84,11.84,€
8105,6819561,bio-e-escolhas-alimentares,Farelo de Aveia,0.25,KG,1.49,5.96,€
8106,7439761,bio-e-escolhas-alimentares,Bebida de Chocolate Solúvel Signature 70% Cacau sem Glúten,0.3,KG,5.19,17.30,€
8107,7274619,bio-e-escolhas-alimentares,Iogurte Aroma Aveia e Maçã,0.23,KG,1.21,5.26,€
8108,6174946,bio-e-escolhas-alimentares,Leite Achocolatado sem Lactose,6.0,LT,2.88,2.40,€
8109,7525531,bio-e-escolhas-alimentares,Extrato de Alcachofra,0.5,LT,10.09,20.18,€
8110,6618056,bio-e-escolhas-alimentares,Limonada com Proteína Lima Limão,0.5,LT,1.99,3.98,€
8111,6817120,bio-e-escolhas-alimentares,Massa Noodles de Trigo Integral,0.25,KG,3.0,12.00,€
8112,2144177,bio-e-escolhas-alimentares,Cereais Special K,0.375,KG,2.74,7.31,€
8113,5323151,bio-e-escolhas-alimentares,Gelado Nata sem Lactose,0.5,LT,2.14,4.28,€
8114,7380481,bio-e-escolhas-alimentares,Manteiga de Amendoim com Chocolate,0.25,KG,2.99,11.96,€
8115,7636309,bio-e-escolhas-alimentares,Iogurte Skyr Natural sem Lactose,0.4,KG,1.59,3.98,€
8116,6593794,bio-e-escolhas-alimentares,Barra Proteína Low Sugar Crunchy Peanut,0.06,KG,2.99,49.83,€
8117,5005223,bio-e-escolhas-alimentares,Lasanha de Vegetais,0.34,KG,6.39,18.79,€
8118,5333298,bio-e-escolhas-alimentares,Farinha de Arroz sem Glúten,0.5,KG,1.32,2.64,€
8119,6934830,bio-e-escolhas-alimentares,Molho Vinagrete,10.0,LT,3.74,18.70,€
8120,7522365,bio-e-escolhas-alimentares,Suplemento Proteína de Chocolate sem Glúten,0.5,KG,12.49,22.71,€
8121,6775790,bio-e-escolhas-alimentares,Vitamina C Efervescente,20.0,UN,5.69,0.28,€
8122,7594146,bio-e-escolhas-alimentares,Preparado Picado Vegan,0.5,KG,7.99,15.98,€
8123,7016838,bio-e-escolhas-alimentares,Super Pequeno Almoço Avelã e Alfarroba sem Glúten,0.3,KG,5.99,19.97,€
8124,2628176,bio-e-escolhas-alimentares,Hortelã Biológica,0.05,KG,1.29,25.80,€
8126,7731652,bio-e-escolhas-alimentares,Gelado Baunilha Vegan Les Desserts,0.9,LT,2.99,3.32,€
8128,7156314,bio-e-escolhas-alimentares,Aveia Integral Instantânea em Pó,1.25,KG,5.99,4.79,€
8130,7720605,bio-e-escolhas-alimentares,Manteiga de Amendoim e Chocolate Crocante Proteica,0.25,KG,3.39,13.56,€
8131,7559012,bio-e-escolhas-alimentares,Xarope Iodo,0.05,LT,10.35,207.00,€
8132,2964824,bio-e-escolhas-alimentares,Farinha de Trigo Integral,0.5,KG,1.65,3.30,€
8133,7631007,bio-e-escolhas-alimentares,Iogurte Vegetal Banana,0.5,KG,2.82,5.64,€
8134,5591020,bio-e-escolhas-alimentares,Molho HP The Original,0.225,KG,4.49,19.96,€
8135,7504607,bio-e-escolhas-alimentares,Óleo de Sésamo,0.25,LT,5.68,22.72,€
8136,2004950,bio-e-escolhas-alimentares,Sopa de Cebola,0.06,KG,1.79,29.83,€
8137,6116913,bio-e-escolhas-alimentares,Aveia Tufada com Mel sem Glúten,0.24,KG,4.42,18.42,€
8138,6660211,bio-e-escolhas-alimentares,Cápsulas de Café Classico Int 9,16.0,UN,4.29,0.27,€
8140,6902535,bio-e-escolhas-alimentares,Fécula de Batata sem Glúten,0.25,KG,1.25,5.00,€
8141,7549456,bio-e-escolhas-alimentares,Massa Fusilli de Lentilhas Vermelhas sem Glúten,0.25,KG,4.14,16.56,€
8142,6507031,bio-e-escolhas-alimentares,Farinha Amido de Milho sem Glúten,0.4,KG,1.29,3.23,€
8144,7078048,bio-e-escolhas-alimentares,Gelatina Pronta Manga e Limão + Proteína,0.4,KG,3.49,8.73,€
8145,6188209,bio-e-escolhas-alimentares,Pudim Zero% de Pêssego-Maracujá,0.022,KG,0.44,20.00,€
8146,7463258,bio-e-escolhas-alimentares,Pizza Vegana,0.455,UN,3.35,3.35,€
8147,6707178,bio-e-escolhas-alimentares,Pastilhas Elásticas de Peppermint,0.084,KG,3.29,39.17,€
8148,7261252,bio-e-escolhas-alimentares,Vitamina C + Zinco,20.0,UN,6.25,0.31,€
8149,7180351,bio-e-escolhas-alimentares,Colagénio + Magnésio Frutos do Bosque,0.3,KG,9.99,33.30,€
8150,7329339,bio-e-escolhas-alimentares,Snack de Chocolate Negro com Amendoim 50% Cacau,0.03,KG,0.99,33.00,€
8151,6271531,bio-e-escolhas-alimentares,Pastilhas Elásticas Max Slab Spearmint,0.023,KG,0.99,43.04,€
8152,6287726,bio-e-escolhas-alimentares,Iogurte Grego Magro Natural,1.0,KG,4.7,4.70,€
8153,7520713,bio-e-escolhas-alimentares,Tablete Chocolate 51%Proteínas Amêndoas e Cereais sem Glúten,0.027,KG,0.99,36.67,€
8154,6373765,bio-e-escolhas-alimentares,Pudim Zero% de Chocolate,0.027,KG,0.44,16.30,€
8156,4088120,bio-e-escolhas-alimentares,Feijão Mung Verde,0.5,KG,2.99,5.98,€
8159,7435385,bio-e-escolhas-alimentares,Iogurte Grego Limão sem Lactose,0.36,KG,2.16,6.00,€
8160,7675601,bio-e-escolhas-alimentares,Infusão Melancia H2O,8.0,KG,2.99,332.22,€
8161,6807023,bio-e-escolhas-alimentares,Manteiga de Amendoim Pedaços sem Glúten,0.2,KG,1.99,9.95,€
8162,6402372,bio-e-escolhas-alimentares,Suplemento Alimentar Slim Rapid,0.5,LT,8.96,17.92,€
8163,6402387,bio-e-escolhas-alimentares,Suplemento Alimentar Detox Rapid,0.5,LT,8.96,17.92,€
8164,7506745,bio-e-escolhas-alimentares,Sopa de Massa e Lentilhas,0.155,KG,2.19,14.13,€
8165,7158969,bio-e-escolhas-alimentares,Granola All Bran Prebiotic Clássico,0.38,KG,5.19,13.66,€
8166,5036360,bio-e-escolhas-alimentares,Pasta de Sésamo,0.23,KG,4.55,19.78,€
8167,6995951,bio-e-escolhas-alimentares,Preparado para Panquecas Simples sem Glúten,0.4,KG,3.67,9.17,€
8168,7630994,bio-e-escolhas-alimentares,Iogurte Vegetal Amêndoa,0.5,KG,2.82,5.64,€
8169,6719094,bio-e-escolhas-alimentares,Pasta de Amêndoa sem Glúten,0.18,KG,4.99,27.72,€
8170,7634777,bio-e-escolhas-alimentares,Aveia Instantânea Chocolate,0.3,KG,4.39,14.63,€
8171,6556965,bio-e-escolhas-alimentares,Farinha de Arroz,0.2,KG,1.69,8.45,€
8172,7722166,bio-e-escolhas-alimentares,Chá Limão e Gengibre Saquetas,10.0,KG,6.99,466.00,€
8173,7486926,bio-e-escolhas-alimentares,Papa Infantil Farinha Não Láctea Multifrutos +4M sem Glúten,0.25,KG,2.63,10.52,€
8174,6403661,bio-e-escolhas-alimentares,Suplemento Multi PRZ,60.0,UN,9.99,0.17,€
8175,7329338,bio-e-escolhas-alimentares,Snack de Chocolate Negro com Amêndoa 50% Cacau sem Glúten,0.03,KG,0.99,33.00,€
8176,7055916,bio-e-escolhas-alimentares,Sumo Natural Pêssego,0.2,LT,1.29,6.45,€
8177,2605024,bio-e-escolhas-alimentares,Sais em Pó Efervescente de Laranja,0.15,KG,7.19,47.93,€
8178,7677125,bio-e-escolhas-alimentares,Nozes Biológicas,0.5,KG,4.99,9.98,€
8179,7554420,bio-e-escolhas-alimentares,Bolachas Sésamo e Baunilha sem Glúten,0.125,KG,1.64,13.12,€
8180,7466378,bio-e-escolhas-alimentares,Chá Clássico,0.1,KG,9.95,99.50,€
8181,5895550,bio-e-escolhas-alimentares,Cacau Cru em Pó,0.1,KG,2.49,24.90,€
8182,5186567,bio-e-escolhas-alimentares,Biscoitos Cálcio com Cacau,0.25,KG,2.69,10.76,€
8183,4228867,bio-e-escolhas-alimentares,Bifes de Soja Natural,0.15,KG,4.49,17.96,€
8184,6614226,bio-e-escolhas-alimentares,Edamame Cozido sem Glúten,0.16,KG,2.74,21.08,€
8185,7694274,bio-e-escolhas-alimentares,Biscoitos de Baunilha Proteicos Vegan,0.2,KG,2.99,14.95,€
8186,6719133,bio-e-escolhas-alimentares,Tablete de Chocolate Floc Choc sem Glúten,0.1,KG,1.89,18.90,€
8187,6253203,bio-e-escolhas-alimentares,Suplemento Alimentar Extra Vitaminas de A a Z,30.0,UN,7.25,0.24,€
8188,7132758,bio-e-escolhas-alimentares,Mix Proteínas Banana Vegan sem Glúten,0.25,KG,9.99,39.96,€
8190,4613233,bio-e-escolhas-alimentares,"Omega 3, 6 e 9",40.0,KG,5.99,96.61,€
8191,5386896,bio-e-escolhas-alimentares,Tablete Chocolate de Leite Aroma de Ananás sem Glúten,0.02,KG,0.69,34.50,€
8192,5515421,bio-e-escolhas-alimentares,Colesterol Cápsulas,30.0,UN,6.99,0.23,€
8193,7227592,bio-e-escolhas-alimentares,Cereais Crunchy Kids Espelta com Cacau,0.125,KG,2.99,23.92,€
8194,6371968,bio-e-escolhas-alimentares,Flocos Trigo Sarraceno,0.2,KG,2.89,14.45,€
8195,7144647,bio-e-escolhas-alimentares,Barra de Noz e Chocolate Negro sem Glúten,0.05,KG,2.49,49.80,€
8196,7400062,bio-e-escolhas-alimentares,Pastilhas Elásticas Extreme Mentol,0.014,KG,0.99,70.71,€
8197,7722163,bio-e-escolhas-alimentares,Chá Maçã Verde e Canela Saquetas,10.0,KG,6.99,466.00,€
8198,7055914,bio-e-escolhas-alimentares,Sumo Natural Mirtilo,0.2,LT,2.89,14.45,€
8200,6253207,bio-e-escolhas-alimentares,Multivitaminas 50+,30.0,UN,7.79,0.26,€
8201,7285378,bio-e-escolhas-alimentares,Patê de Atum com Ingredientes Biológicos,0.075,KG,1.79,23.87,€
8202,7461790,bio-e-escolhas-alimentares,Frango Inteiro com miúdos Biológico,2.5,UN,8.0,20.00,€
8203,7323400,bio-e-escolhas-alimentares,Vitamina D Cápsulas,120.0,UN,9.99,9.99,€
8204,6773403,bio-e-escolhas-alimentares,Farinha de Amêndoa com Pele sem Glúten,0.2,KG,6.89,34.45,€
8205,2003602,bio-e-escolhas-alimentares,Cereais Trigo Fibra Integral,0.43,KG,3.83,8.91,€
8206,5220292,bio-e-escolhas-alimentares,Aroma de Baunilha em Pó sem Glúten,0.012,KG,1.19,99.17,€
8207,7375864,bio-e-escolhas-alimentares,Xarope de Tãmara,0.25,KG,5.56,22.24,€
8208,6384966,bio-e-escolhas-alimentares,Carne Seca de Bovino sem Glúten,0.5,KG,9.35,18.70,€
8209,7168019,bio-e-escolhas-alimentares,Papa Infantil Não Láctea Multicereais Solo +6M,0.3,KG,3.19,10.63,€
8210,7478425,bio-e-escolhas-alimentares,Yofu Grego Baunilha,0.5,KG,3.38,6.76,€
8212,6226941,bio-e-escolhas-alimentares,Suplemento Alimentar Onagra,30.0,UN,6.57,0.22,€
8213,7539019,bio-e-escolhas-alimentares,Leite em Pó Magro +12M,0.38,UN,5.74,5.74,€
8214,6616757,bio-e-escolhas-alimentares,Creme de Coco sem Glúten,0.165,LT,1.69,10.24,€
8215,2313050,bio-e-escolhas-alimentares,Tapioca Brasileira sem Glúten,0.25,KG,1.69,6.76,€
8216,7646281,bio-e-escolhas-alimentares,Xarope de Ácer Zero,0.355,KG,2.79,7.86,€
8217,7019595,bio-e-escolhas-alimentares,Molho Chow Mein,0.12,KG,1.95,16.25,€
8218,7466381,bio-e-escolhas-alimentares,Chá Ginger sem Glúten,0.1,KG,9.95,99.50,€
8219,6253219,bio-e-escolhas-alimentares,Suplemento Alimentar Super Tónico Cerebral,15.0,UN,9.35,0.62,€
8220,7724414,bio-e-escolhas-alimentares,Chá Moro e Hibisco Saquetas,10.0,KG,6.99,466.00,€
8221,7715988,bio-e-escolhas-alimentares,Nuggets Vegan,0.16,KG,4.39,27.44,€
8222,7132755,bio-e-escolhas-alimentares,Mix Proteínas Cacau Vegan sem Glúten,0.25,KG,9.99,39.96,€
8224,7521197,bio-e-escolhas-alimentares,Gelatina em Pó de Frutos Vermelhos Proteína,0.08,KG,3.14,39.25,€
8225,7586133,bio-e-escolhas-alimentares,Bebida Isotónica Laranja e Ananás,0.5,LT,1.99,3.98,€
8226,6908606,bio-e-escolhas-alimentares,Super Papas Aveia Chia e Amendoim sem Glúten,0.05,KG,1.49,29.80,€
8227,7375916,bio-e-escolhas-alimentares,Fermento sem Glúten,0.08,KG,1.74,21.75,€
8228,7522859,bio-e-escolhas-alimentares,Mix Emagrecimento em Pó,0.09,KG,8.99,99.89,€
8229,7478420,bio-e-escolhas-alimentares,Yofu Bifidus Natural,0.25,KG,1.78,7.12,€
8230,5409142,bio-e-escolhas-alimentares,Molho Wok,0.25,LT,4.74,18.96,€
8233,6418259,bio-e-escolhas-alimentares,Molho Agridoce,0.24,KG,4.39,18.29,€
8234,7584339,bio-e-escolhas-alimentares,Bolinhas Brancas sem Glúten,0.16,KG,1.87,11.69,€
8235,7584616,bio-e-escolhas-alimentares,Croissant Cornetti Chocolate sem Glúten,0.24,KG,5.63,23.46,€
8236,4087532,bio-e-escolhas-alimentares,Pão Baguete Mini sem Glúten,2.0,KG,2.86,19.07,€
8237,7363645,bio-e-escolhas-alimentares,Molho Tempero Líquido 100% Vegetal,0.125,KG,2.99,23.92,€
8238,7433216,bio-e-escolhas-alimentares,Bolachas Cacau,0.16,KG,3.29,20.56,€
8239,4693658,bio-e-escolhas-alimentares,Bolachas Caramelizadas,0.25,KG,2.89,11.56,€
8240,5876306,bio-e-escolhas-alimentares,Sumo Maçã,0.2,LT,1.29,6.45,€
8241,7372071,bio-e-escolhas-alimentares,Papa Infantil Farinha Multifrutos 1ª Papa +4M sem Glúten,0.25,KG,2.44,9.76,€
8242,6457237,bio-e-escolhas-alimentares,Suplemento CLA,90.0,UN,9.99,0.11,€
8243,7382366,bio-e-escolhas-alimentares,Suplemento Ómega-3,90.0,UN,7.99,0.09,€
8244,2925057,bio-e-escolhas-alimentares,Pastilhas Elásticas de Peppermint,1.0,KG,0.99,61.88,€
8245,7652960,bio-e-escolhas-alimentares,Leite Proteína sem Lactose,1.0,LT,2.49,2.49,€
8246,7521307,bio-e-escolhas-alimentares,Picado Vegan de Proteína Vegetal,0.2,KG,4.99,24.95,€
8247,7070987,bio-e-escolhas-alimentares,Aveia Instantânea em Pó Bolacha,1.25,KG,7.99,6.39,€
8248,7206958,bio-e-escolhas-alimentares,Aveia Protein Nutchoc,0.4,KG,7.99,19.98,€
8249,4315750,bio-e-escolhas-alimentares,Papa Infantil Láctea Multifrutos +4M sem Glúten,0.25,KG,3.76,15.04,€
8250,5895604,bio-e-escolhas-alimentares,Cacau em Pó,0.1,KG,2.74,27.40,€
8251,7251577,bio-e-escolhas-alimentares,Manteiga de Caju sem Glúten,0.2,KG,5.99,29.95,€
8252,7311290,bio-e-escolhas-alimentares,Vitamina D3 + C + Zinco,60.0,UN,8.5,0.14,€
8253,7465053,bio-e-escolhas-alimentares,Nestlé Sobremesas Tablete de Chocolate Branco Culinária sem Glúten,0.18,UN,2.99,16.61,€
8254,3068584,bio-e-escolhas-alimentares,Cogumelos Laminados Condimentados sem Glúten,0.355,KG,1.79,8.14,€
8256,7268801,bio-e-escolhas-alimentares,Tablete Chocolate de Leite com Avelãs,0.1,KG,1.59,15.90,€
8257,2232436,bio-e-escolhas-alimentares,Cereais Corn Flakes sem Glúten,0.3,KG,3.71,12.37,€
8258,7522768,bio-e-escolhas-alimentares,Barra Proteína Chocolate,0.05,KG,1.25,25.00,€
8259,7522760,bio-e-escolhas-alimentares,Levedura de Cerveja em Flocos,0.125,KG,3.99,31.92,€
8260,5516323,bio-e-escolhas-alimentares,Farinha de Coco sem Glúten,0.25,KG,1.99,7.96,€
8261,7182589,bio-e-escolhas-alimentares,Leite Achocolatado Zero,4.0,LT,2.24,2.80,€
8263,6253227,bio-e-escolhas-alimentares,Suplemento Alimentar Ultra Magnésio + B6,30.0,UN,6.15,0.21,€
8264,5608300,bio-e-escolhas-alimentares,Molho de Francesinha,0.5,KG,2.98,5.96,€
8265,7526759,bio-e-escolhas-alimentares,Bolachas Recheadas com Chocolate,0.18,KG,3.44,19.11,€
8266,5895704,bio-e-escolhas-alimentares,Massa Esparguete de Espelta Integral,0.5,KG,4.48,8.96,€
8267,4370906,bio-e-escolhas-alimentares,Cereais de Cacau Milly Magic sem Glúten,0.25,KG,5.0,20.00,€
8268,7376351,bio-e-escolhas-alimentares,Vegegurte Coco e Baunilha,0.115,KG,1.0,8.70,€
8269,6617970,bio-e-escolhas-alimentares,Leite com Proteína Baunilha,0.33,LT,1.97,5.97,€
8271,7472936,bio-e-escolhas-alimentares,Algas Alface do Mar Biológicas,0.03,KG,3.99,133.00,€
8272,6373763,bio-e-escolhas-alimentares,Pudim Zero% Flan,0.014,KG,0.79,56.43,€
8273,5902748,bio-e-escolhas-alimentares,Gelatina em Pó Zero% de Kiwi,0.028,KG,1.04,37.14,€
8274,7320167,bio-e-escolhas-alimentares,Fermento para Massas Doces sem Glúten,0.04,UN,1.79,€1.79, 
8275,7227855,bio-e-escolhas-alimentares,Mistura para Banana Bread com Canela e Sementes Biológica,0.35,KG,5.16,14.74,€
8276,6482761,bio-e-escolhas-alimentares,Água Vitaminada Funcional Pêssego Branco,0.5,LT,2.4,4.80,€
8277,7694273,bio-e-escolhas-alimentares,Biscoitos de Chocolate Proteicos Vegan,0.2,KG,2.99,14.95,€
8278,6917736,bio-e-escolhas-alimentares,Pão Fatiado Trigo Sarraceno sem Glúten Biológico,0.25,KG,3.29,13.16,€
8279,7578194,bio-e-escolhas-alimentares,Tablete Chocolate Leite de Aveia,0.09,KG,3.49,38.78,€
8280,7487817,bio-e-escolhas-alimentares,Papa Infantil Farinha Não Láctea Cereais +4M sem Glúten,0.34,KG,3.19,9.38,€
8281,7364094,bio-e-escolhas-alimentares,Vitamina B12,16.0,UN,7.99,0.13,€
8282,2608608,bio-e-escolhas-alimentares,Sais em Pó Efervescente de Limão,10.0,KG,5.49,109.80,€
8283,7714533,bio-e-escolhas-alimentares,Proteína Vegetal Baunilha,0.032,KG,1.9,59.38,€
8284,6253220,bio-e-escolhas-alimentares,Termo Drena,0.5,LT,11.95,23.90,€
8285,4491883,bio-e-escolhas-alimentares,Gomas Brilho Sortido sem Glúten,0.15,KG,1.94,12.93,€
8286,5895869,bio-e-escolhas-alimentares,Trigo Puff Expandido,0.15,KG,2.38,15.87,€
8287,5516263,bio-e-escolhas-alimentares,Farinha de Amêndoa,0.2,KG,7.49,37.45,€
8288,7435387,bio-e-escolhas-alimentares,Iogurte Grego Stracciatella sem Lactose,0.36,KG,2.16,6.00,€
8289,7521184,bio-e-escolhas-alimentares,Preparado para Panquecas,0.26,KG,5.99,23.04,€
8290,5044512,bio-e-escolhas-alimentares,Mistura para Pão de Queijo sem Glúten,0.5,KG,5.89,11.78,€
8291,6814054,bio-e-escolhas-alimentares,Empadas Vegan,0.38,KG,4.99,13.13,€
8292,7554424,bio-e-escolhas-alimentares,Bolachas Gengibre e Canela sem Glúten,0.125,KG,2.14,17.12,€
8293,7078034,bio-e-escolhas-alimentares,Gelatina Pronta + Proteína Frutos Vermelhos,0.4,KG,3.49,8.73,€
8294,6679282,bio-e-escolhas-alimentares,Aveia Instantânea em Pó Natural,1.25,KG,3.99,3.19,€
8295,7657317,bio-e-escolhas-alimentares,Leite Magro Proteína Baunilha,0.25,LT,1.49,5.96,€
8296,4954622,bio-e-escolhas-alimentares,Muesli Frutos Silvestres,0.375,KG,5.79,15.44,€
8297,2003908,bio-e-escolhas-alimentares,Cereais Corn Flakes Milho,0.5,KG,2.49,4.98,€
8298,7536684,bio-e-escolhas-alimentares,Gomas Natural Fruitbites sem Glúten,0.18,KG,3.39,18.83,€
8299,7623965,bio-e-escolhas-alimentares,Salada César Vegan,0.19,KG,2.99,15.74,€
8300,7443511,bio-e-escolhas-alimentares,Mini Bolas Proteicas Cook Dough sem Glúten,3.0,KG,1.79,49.72,€
8301,7429768,bio-e-escolhas-alimentares,Madalenas com Pepitas de Chocolate sem Glúten,0.21,KG,2.99,14.24,€
8302,7501310,bio-e-escolhas-alimentares,Farinha de Coco,0.2,KG,1.39,6.95,€
8303,6807025,bio-e-escolhas-alimentares,Manteiga de Amendoim Cremosa sem Glúten,0.2,KG,1.99,9.95,€
8304,2964841,bio-e-escolhas-alimentares,Farinha de Alfarroba sem Glúten,0.25,KG,2.99,11.96,€
8305,7523778,bio-e-escolhas-alimentares,Suplemento Alimentar Probióticos,60.0,UN,7.99,0.13,€
8306,7523137,bio-e-escolhas-alimentares,Suplemento L-Carnitina,15.0,M,8.99,0.60,€
8307,7522850,bio-e-escolhas-alimentares,Mix Curcuma em Pó,0.15,KG,3.99,26.60,€
8308,7722165,bio-e-escolhas-alimentares,Chá Frutos Vermelhos Saquetas,10.0,KG,6.99,466.00,€
8309,7472965,bio-e-escolhas-alimentares,Algas Esparguete do Mar Biológicas,0.03,KG,3.99,133.00,€
8311,7077647,bio-e-escolhas-alimentares,Cápsulas de Decaffeinato Int 5,16.0,UN,4.29,0.27,€
8312,5358310,bio-e-escolhas-alimentares,Caldo de Carne Cubos sem Glúten,16.0,KG,3.29,20.56,€
8314,7714908,bio-e-escolhas-alimentares,Massa Noodles de Arroz sem Glúten,0.25,KG,2.78,11.12,€
8315,7376350,bio-e-escolhas-alimentares,"Vegegurte Aveia, Romã, Groselha e Pera",0.115,KG,1.0,8.70,€
8316,6733435,bio-e-escolhas-alimentares,Curcuma Latte sem Glúten,0.15,KG,4.99,33.27,€
8317,2963759,bio-e-escolhas-alimentares,Óleo de Linhaça Virgem,0.25,LT,7.14,28.56,€
8318,7084297,bio-e-escolhas-alimentares,Muesli Frutos Vermelhos sem Glúten,0.375,KG,5.83,15.55,€
8319,7522852,bio-e-escolhas-alimentares,Matcha em Pó,0.07,KG,5.99,85.57,€
8320,7447069,bio-e-escolhas-alimentares,Farinha de Aveia Sabor Bolacha,1.0,KG,7.49,7.49,€
8321,7521191,bio-e-escolhas-alimentares,Gelatina Pronta Banana Proteína,0.08,KG,3.14,€39.25, 
8322,4301523,bio-e-escolhas-alimentares,Chupas Sortido sem Glúten,0.066,KG,3.8,57.58,€
8323,2825766,bio-e-escolhas-alimentares,Biscoitos de Limão,0.25,KG,3.45,13.80,€
8324,6253217,bio-e-escolhas-alimentares,Super Rendimento,30.0,UN,8.55,0.29,€
8326,7251807,bio-e-escolhas-alimentares,Cacau Magro em Pó sem Glúten,0.125,KG,1.95,15.60,€
8327,5384953,bio-e-escolhas-alimentares,Tablete de Chocolate 70% Cacau sem Glúten,0.1,KG,2.19,21.90,€
8328,5979866,bio-e-escolhas-alimentares,Baguete Clássica sem Glúten Biológico,0.36,KG,5.02,13.94,€
8329,5965556,bio-e-escolhas-alimentares,Farinha para Pão Preto sem Glúten,0.5,KG,4.55,9.10,€
8330,7466835,bio-e-escolhas-alimentares,Snack Chips de Frango Bica Pica,0.02,KG,1.78,89.00,€
8331,6921548,bio-e-escolhas-alimentares,Caffè Skinny Latte sem Lactose,0.22,LT,2.09,9.50,€
8332,4857902,bio-e-escolhas-alimentares,Adoçante com Stevia,0.04,KG,2.44,61.00,€
8333,7525722,bio-e-escolhas-alimentares,Barra Proteica Chocolate,0.00055,KG,2.39,43.45,€
8334,7443388,bio-e-escolhas-alimentares,Snack Tenebrio Molitor Desidratado com Sal Marinho,0.015,KG,4.49,299.33,€
8335,6881342,bio-e-escolhas-alimentares,Bolachas Julietas com Passas e Arandos,0.2,KG,4.99,24.95,€
8336,6815015,bio-e-escolhas-alimentares,Chupa de Morango,0.012,KG,0.65,54.17,€
8337,7550104,bio-e-escolhas-alimentares,Massa Penne Arroz Integral sem Glúten,0.25,KG,3.57,14.28,€
8338,7200603,bio-e-escolhas-alimentares,Papa Infantil Não Láctea Arroz +4M sem Glúten,0.2,KG,2.49,12.45,€
8339,7472957,bio-e-escolhas-alimentares,Algas Kombu Biológicas,0.03,KG,3.99,133.00,€
8340,2816599,bio-e-escolhas-alimentares,Carolo de Milho sem Glúten,0.5,KG,0.99,1.98,€
8342,5881917,bio-e-escolhas-alimentares,Gomas de Sabor a Fruta sem Glúten,0.1,KG,2.54,25.40,€
8344,7628087,bio-e-escolhas-alimentares,Salsichas de Porco Forno de Lenha 5 un sem Glúten,0.43,KG,2.85,12.95,€
8345,6470470,bio-e-escolhas-alimentares,Rissóis de Cogumelos,0.28,KG,4.59,16.39,€
8346,7455193,bio-e-escolhas-alimentares,Salada de Grão de Bico com Polvo sem Glúten,0.42,KG,4.79,11.40,€
8347,7227857,bio-e-escolhas-alimentares,Mistura para Muffins Mix Pepitas de Chocolate e Banana sem Glúten,0.35,KG,4.28,12.23,€
8348,4315746,bio-e-escolhas-alimentares,Papa Infantil Não Láctea Milho e Arroz +4M sem Glúten,0.25,KG,3.85,15.40,€
8349,7549247,bio-e-escolhas-alimentares,Hot Chicken Top Down sem Glúten,0.266,KG,1.94,7.29,€
8350,7745733,bio-e-escolhas-alimentares,Iogurte aroma Natural Açucarado sem Lactose,0.48,KG,1.87,3.90,€
8351,7252429,bio-e-escolhas-alimentares,Tablete de Chocolate Excellence 100% Cacau,0.05,KG,3.99,79.80,€
8353,6385030,bio-e-escolhas-alimentares,Pão Espelta Integral Curcuma e Pimenta Preta,0.45,KG,3.23,7.18,€
8354,7439768,bio-e-escolhas-alimentares,Bebida de Chocolate Solúvel Signature Caramelo Salgado sem Glúten,10.0,KG,5.19,23.59,€
8355,2003247,bio-e-escolhas-alimentares,Flocos Aveia Integral,0.375,KG,1.19,3.17,€
8356,7464716,bio-e-escolhas-alimentares,Nestlé Sobremesas Tablete de Chocolate de Leite Culinária sem Glúten,0.17,KG,2.99,17.59,€
8357,5779339,bio-e-escolhas-alimentares,Cereais Corn Flakes sem Glúten,0.25,KG,3.48,13.92,€
8358,6527344,bio-e-escolhas-alimentares,Creme Amêndoa com Cebolinho Biológico,0.18,KG,3.79,21.06,€
8359,7733294,bio-e-escolhas-alimentares,Meenteiga Vegetal Amêndoa com Algas,0.12,KG,3.05,25.42,€
8360,6262022,bio-e-escolhas-alimentares,Tapioca Express sem Glúten,0.25,KG,2.09,8.36,€
8361,7277588,bio-e-escolhas-alimentares,Hambúrguer Sensational de Proteína Vegetal,0.226,KG,5.39,23.85,€
8362,7086953,bio-e-escolhas-alimentares,Mix 3 Farinhas sem Glúten,0.5,KG,4.42,8.84,€
8364,7537012,bio-e-escolhas-alimentares,Massa Macarronete Penne com Alga Kombu,0.3,KG,3.1,10.33,€
8366,2087617,bio-e-escolhas-alimentares,Couve Portuguesa Biológica,0.7,UN,1.87,1.31,€
8367,7707072,bio-e-escolhas-alimentares,Bolonhesa de Seitan,0.42,KG,4.49,10.69,€
8368,6253199,bio-e-escolhas-alimentares,Suplemento Alimentar Extra Barriguinha,30.0,UN,5.99,0.20,€
8369,2874274,bio-e-escolhas-alimentares,Biscoitos de Maçã e Canela,0.25,KG,3.45,13.80,€
8370,5581304,bio-e-escolhas-alimentares,Farelo de Aveia,0.25,KG,2.13,8.52,€
8371,7363338,bio-e-escolhas-alimentares,Chupa de Morango Lovers sem Glúten,0.12,KG,3.4,28.33,€
8372,7132351,bio-e-escolhas-alimentares,Super Pequeno Almoço Proteico Sport sem Glúten,0.3,KG,5.59,18.63,€
8373,7657916,bio-e-escolhas-alimentares,Manteiga de Amendoim em Pó,0.4,KG,5.99,14.98,€
8374,7443389,bio-e-escolhas-alimentares,Snack Tenebrio Molitor Desidratado com Sabor a Pimenta,0.015,KG,4.49,299.33,€
8375,7213119,bio-e-escolhas-alimentares,Pão Indiano tipo Naan com Alho,0.45,KG,4.39,9.76,€
8376,7522854,bio-e-escolhas-alimentares,Mix Detox em Pó,0.1,KG,5.99,59.90,€
8377,2193606,bio-e-escolhas-alimentares,Kit para Tacos,0.273,KG,4.99,15.94,€
8378,5779708,bio-e-escolhas-alimentares,Colagénio,0.09,UN,6.99,0.35,€
8379,7522855,bio-e-escolhas-alimentares,Maca Cacau em Pó,0.15,KG,3.99,26.60,€
8380,2230285,bio-e-escolhas-alimentares,Açúcar Baunilhado sem Glúten,0.07,KG,0.79,11.29,€
8381,4225346,bio-e-escolhas-alimentares,Tortitas de Arroz com Chocolate Negro e Coco sem Glúten,0.15,KG,3.05,22.59,€
8383,2378000,bio-e-escolhas-alimentares,Caramelo de Leite sem Glúten,0.1,KG,1.5,15.00,€
8384,6242486,bio-e-escolhas-alimentares,Molho Piri-piri Sacana Ai-Ai,0.075,LT,3.09,41.20,€
8385,2758489,bio-e-escolhas-alimentares,Milho Painço Millet,0.5,KG,2.29,4.58,€
8386,7116708,bio-e-escolhas-alimentares,Farinha Mistura Culinária sem Glúten,1.0,KG,2.82,2.82,€
8387,7476546,bio-e-escolhas-alimentares,Snack de Sementes e Piri-piri,0.025,KG,1.35,54.00,€
8388,6253228,bio-e-escolhas-alimentares,Ultra Pau de Cabinda,30.0,UN,8.2,0.27,€
8389,2451347,bio-e-escolhas-alimentares,Chupas Original sem Glúten,0.12,KG,1.69,14.08,€
8390,2005661,bio-e-escolhas-alimentares,"Snack de Chocolate Negro, Mel e Amêndoa sem Glúten",0.1,KG,2.99,29.90,€
8392,7522856,bio-e-escolhas-alimentares,Suplemento Alimentar Mix Proteínas Vegetal,0.25,KG,5.99,23.96,€
8393,6253213,bio-e-escolhas-alimentares,Suplemento Alimentar Super Homen,30.0,UN,9.19,0.31,€
8394,4613450,bio-e-escolhas-alimentares,Forma Cabelo Unhas Cápsulas,30.0,KG,4.89,257.37,€
8395,4613221,bio-e-escolhas-alimentares,Forma Ventre Liso Saquetas,10.0,UN,2.99,0.30,€
8396,7068289,bio-e-escolhas-alimentares,Aveia Ready to Go Mix Sabor de Brownie,0.5,KG,4.99,9.98,€
8397,7325246,bio-e-escolhas-alimentares,Cereais Krave Chocolate Negro,0.41,KG,2.89,7.05,€
8398,7634780,bio-e-escolhas-alimentares,Aveia Instantânea Chocolate com Proteína,0.3,KG,4.39,14.63,€
8399,6253221,bio-e-escolhas-alimentares,Ultra Cardo Mariano,30.0,UN,7.25,0.24,€
8401,6253210,bio-e-escolhas-alimentares,Super Articulações,30.0,UN,7.49,0.25,€
8402,6123575,bio-e-escolhas-alimentares,Folha de Arroz,0.134,KG,3.69,27.54,€
8403,7130286,bio-e-escolhas-alimentares,Massa Rolitos de Aveia sem Glúten,0.25,KG,4.13,16.52,€
8404,2925032,bio-e-escolhas-alimentares,Pastilhas Elásticas de Spearmint,0.016,KG,0.99,61.88,€
8405,7523153,bio-e-escolhas-alimentares,Suplemento Multivitamínico,100.0,UN,5.99,5.99,€
8406,7675759,bio-e-escolhas-alimentares,Infusão Pêssego H2O,8.0,KG,2.99,332.22,€
8407,5011449,bio-e-escolhas-alimentares,Chupa Chupa Melody sem Glúten,0.015,KG,1.19,79.33,€
8408,7612821,bio-e-escolhas-alimentares,Snack Grilos Tomate e Oregãos,0.012,KG,4.49,374.17,€
8409,7522857,bio-e-escolhas-alimentares,Psílium em Pó,0.15,KG,4.99,24.95,€
8410,7522858,bio-e-escolhas-alimentares,Spirulina em Pó,0.15,KG,3.99,26.60,€
8411,7334066,bio-e-escolhas-alimentares,Cereais Zimmy Canela,0.33,KG,2.49,7.55,€
8412,7523148,bio-e-escolhas-alimentares,Suplemento Ómega 3 Cápsulas,90.0,UN,5.99,5.99,€
8413,7068318,bio-e-escolhas-alimentares,Aveia Ready to Go Mix Sabor Cookies,0.5,KG,4.99,9.98,€
8414,6253212,bio-e-escolhas-alimentares,Suplemento Alimentar Super Ginseng,30.0,UN,6.15,0.21,€
8415,4806778,bio-e-escolhas-alimentares,Levedura Cerveja Flocos,0.1,KG,3.99,39.90,€
8416,7612820,bio-e-escolhas-alimentares,Snack Grilos Tomilho e Pimenta,0.012,KG,4.49,374.17,€
8418,4613317,bio-e-escolhas-alimentares,Forma Magnésio Saquetas,10.0,KG,3.99,53.20,€
8419,7522851,bio-e-escolhas-alimentares,Maca em Pó,0.2,KG,5.69,28.45,€
8420,5044459,bio-e-escolhas-alimentares,Pearl Couscous,0.2,KG,1.87,9.35,€
8421,6831380,bio-e-escolhas-alimentares,Farinha Tremoço sem Glúten,0.25,KG,2.82,11.28,€
8422,6618058,bio-e-escolhas-alimentares,Limonada com Proteína Frutos Silvestres,0.5,LT,1.99,3.98,€
8423,7714536,bio-e-escolhas-alimentares,Proteína Vegetal Cacau,0.032,KG,1.9,59.38,€
8425,7525067,bio-e-escolhas-alimentares,Suplemento Alimentar Gingko Biloba,50.0,UN,5.79,0.12,€
8426,7523781,bio-e-escolhas-alimentares,Suplemento Alimentar Alho,30.0,UN,3.99,0.07,€
8429,7520712,bio-e-escolhas-alimentares,Drageias Pintarolas Superwings sem Glúten,0.022,KG,0.59,26.82,€
8430,5149759,bio-e-escolhas-alimentares,Tablete de Chocolate Negro Excellence 99% Cacau,0.05,KG,3.99,79.80,€
8431,6530401,bio-e-escolhas-alimentares,Maca em Pó,0.1,KG,2.79,27.90,€
8432,7612819,bio-e-escolhas-alimentares,Snack Grilos Salgadinhos,0.012,KG,4.49,374.17,€
8433,7532730,bio-e-escolhas-alimentares,Mix Salicórnia para Peixe,0.05,KG,5.49,109.80,€
8434,7191092,bio-e-escolhas-alimentares,Noodles Fit de Konjac Sport sem Glúten,0.27,KG,2.96,10.96,€
8435,7619782,bio-e-escolhas-alimentares,Golden Milk sem Glúten,0.08,KG,3.09,3.86,€
8436,6253229,bio-e-escolhas-alimentares,"Ómega 3, 6 e 9",30.0,UN,6.19,0.21,€
8438,6936235,bio-e-escolhas-alimentares,Decoração Açúcar Rosa sem Glúten,0.082,KG,1.79,21.83,€
8439,7472966,bio-e-escolhas-alimentares,Algas Wakame Biológicas,0.03,KG,3.99,133.00,€
8440,6010760,bio-e-escolhas-alimentares,Molho Teriyaki,0.12,KG,1.95,16.25,€
8442,6253218,bio-e-escolhas-alimentares,Super Sene,30.0,UN,5.15,0.17,€
8443,7095586,bio-e-escolhas-alimentares,Bolachas Crackers com Chia Natural Balance,0.15,KG,2.99,19.93,€
8444,7523780,bio-e-escolhas-alimentares,Suplemento Alimentar de Alcachofra,60.0,UN,4.49,0.07,€
8445,7285962,bio-e-escolhas-alimentares,Farinha de Mandioca Sagu sem Glúten,0.5,KG,4.67,9.34,€
8446,7586159,bio-e-escolhas-alimentares,Bebida Isotónica Citrinos,0.5,LT,1.99,3.98,€
8447,6395593,bio-e-escolhas-alimentares,Garam Masala em Lata,0.1,KG,3.68,36.80,€
8448,2003811,bio-e-escolhas-alimentares,Gordura Vegetal de Palma,0.4,KG,3.44,9.56,€
8449,6539838,bio-e-escolhas-alimentares,Bebida Kombucha Coco,0.4,LT,2.29,5.73,€
8450,7285272,bio-e-escolhas-alimentares,Sardinha Inteira em Azeite Biológico,0.12,KG,1.69,19.88,€
8451,2607040,bio-e-escolhas-alimentares,Bebida Isotónica de Laranja,0.5,LT,1.91,3.82,€
8452,7220470,bio-e-escolhas-alimentares,Creme Vegetal de Aveia para Culinária Biológico,0.2,LT,1.69,8.45,€
8453,5615873,bio-e-escolhas-alimentares,Folhas Algas Sushi Nori,0.011,KG,3.29,299.09,€
8454,7414387,bio-e-escolhas-alimentares,Snack Chocolate Kit Kat,0.0415,KG,1.49,36.34,€
8455,2525618,bio-e-escolhas-alimentares,Corantes Alimentares sem Glúten,3.0,LT,2.69,149.44,€
8456,7523779,bio-e-escolhas-alimentares,Vitamina D3,60.0,UN,4.49,0.07,€
8457,7268800,bio-e-escolhas-alimentares,Tablete Chocolate Negro,0.1,KG,1.59,15.90,€
8458,7227626,bio-e-escolhas-alimentares,Palitos la Reine sem Glúten,0.125,KG,3.1,24.80,€
8459,7586161,bio-e-escolhas-alimentares,Bebida Isotónica Manga,0.5,LT,1.99,3.98,€
8460,7439672,bio-e-escolhas-alimentares,Flocos de Aveia,0.375,KG,1.49,3.97,€
8461,7523776,bio-e-escolhas-alimentares,Suplemento Alimentar Mix Mulher,30.0,UN,3.85,0.13,€
8462,7586160,bio-e-escolhas-alimentares,Bebida Isotónica Frutos Silvestres,0.5,LT,1.99,3.98,€
8463,4814556,bio-e-escolhas-alimentares,Bebida Vegetal de Arroz,1.0,LT,2.34,2.34,€
8464,7443512,bio-e-escolhas-alimentares,Mini Bolas Proteicas Brow sem Glúten,3.0,KG,1.79,49.72,€
8465,2605491,bio-e-escolhas-alimentares,Biscoitos de Sésamo e Avelã,0.25,KG,3.45,13.80,€
8466,4878568,bio-e-escolhas-alimentares,Biscoitos de Linhaça,0.2,KG,2.69,10.76,€
8467,6733459,bio-e-escolhas-alimentares,Macacau sem Glúten,0.15,KG,2.99,19.93,€
8468,7523775,bio-e-escolhas-alimentares,Suplemento Alimentar Mix Articulações e Ossos,40.0,UN,3.49,0.06,€
8469,7478421,bio-e-escolhas-alimentares,Yofu Bifidus Mirtilo,0.25,KG,2.01,8.04,€
8470,6022570,bio-e-escolhas-alimentares,Molho Agridoce em Saqueta,0.12,KG,1.95,16.25,€
8471,2290245,bio-e-escolhas-alimentares,Mistura de Condimentos para Guacamole sem Glúten,0.02,KG,1.39,69.50,€
8472,7708103,bio-e-escolhas-alimentares,Bolachas Flatbreads Alecrim e Sal sem Glúten,0.15,KG,1.92,12.80,€
8473,7120342,bio-e-escolhas-alimentares,Tablete de Chocolate 70% Cacau sem Glúten,0.025,KG,0.99,39.60,€
8474,7739594,bio-e-escolhas-alimentares,Bolachas com Recheio Hookies sem Glúten,0.23,KG,1.82,7.91,€
8475,7706500,bio-e-escolhas-alimentares,Suplemento Alimentar Colina + Arroz Vermelho,30.0,KG,7.76,221.71,€
8476,6188171,bio-e-escolhas-alimentares,Pudim Zero% de Mirtilo,0.022,KG,0.44,20.00,€
8477,6403772,bio-e-escolhas-alimentares,Molho Chutney de Manga em Vidro,0.227,KG,4.99,21.98,€
8478,6207203,bio-e-escolhas-alimentares,Suplemento Alimentar Seca Barriga,0.5,UN,15.69,31.38,€
8479,7721577,bio-e-escolhas-alimentares,Gomas Vitamina D3,60.0,KG,9.99,56.12,€
8480,7721588,bio-e-escolhas-alimentares,Magnésio Comprimidos,100.0,KG,15.99,134.37,€
8481,6659019,bio-e-escolhas-alimentares,Suplemento Alimentar Ossos e Articulações,36.0,UN,11.84,0.33,€
8483,6423067,bio-e-escolhas-alimentares,Suplemento Alimentar Colagénio Rapid,0.5,LT,14.79,29.58,€
8484,7721572,bio-e-escolhas-alimentares,Gomas Vitamina C,60.0,KG,9.99,41.97,€
8485,7721568,bio-e-escolhas-alimentares,Gomas para a Pele com Ácido Hialurónico,60.0,KG,10.79,51.88,€
8487,4653796,bio-e-escolhas-alimentares,Bombons de Chocolate Menta,0.2,KG,1.59,7.95,€
8488,4933391,bio-e-escolhas-alimentares,Cereais Cookie'z Chocolate,0.3,KG,2.65,8.83,€
8489,5344078,bio-e-escolhas-alimentares,Suplemento Tribulus 550 MG Cápsulas,60.0,UN,14.99,0.25,€
8490,5297084,bio-e-escolhas-alimentares,Mangostão,0.5,LT,10.69,21.38,€
8491,7753699,bio-e-escolhas-alimentares,Aloé Vera Biológico,0.25,KG,1.29,5.16,€
8492,6403745,bio-e-escolhas-alimentares,L-Carnitine 2000 Limão,10.0,UN,8.99,0.90,€
8493,2898875,bio-e-escolhas-alimentares,Drageias de Frutos Silvestres,0.008,KG,1.55,193.75,€
8494,7640422,bio-e-escolhas-alimentares,Granola Proteica Chocolate,0.275,KG,3.79,13.78,€
8495,5958776,bio-e-escolhas-alimentares,Hambúrguer Vegetariano,0.15,KG,5.19,34.60,€
8497,6078857,laticinios-e-ovos,Iogurte Líquido Morango,0.96,KG,3.67,2.87,€
8500,2228159,laticinios-e-ovos,Manteiga com Sal,0.25,KG,2.25,9.00,€
8501,7284496,laticinios-e-ovos,Ovos de Solo Classe M,12.0,DOZ,2.4,2.40,€
8502,4696048,laticinios-e-ovos,Iogurte Mix-In com Smarties Infantil,0.256,KG,1.88,7.34,€
8504,4863936,laticinios-e-ovos,Queijo Flamengo Fatiado,2.0,KG,3.89,9.72,€
8505,7453999,laticinios-e-ovos,Ovos Ar Livre,6.0,DOZ,2.25,4.50,€
8506,2211084,laticinios-e-ovos,Manteiga com Sal,0.25,KG,2.25,9.00,€
8509,7066777,laticinios-e-ovos,Ovos de Solo Classe L,12.0,DOZ,2.59,2.59,€
8510,4956521,laticinios-e-ovos,Iogurte Líquido Defesa Morango,1.2,KG,4.42,3.68,€
8511,5486786,laticinios-e-ovos,Iogurte Bifidus Cremoso Coco,0.48,KG,1.87,3.90,€
8512,5125010,laticinios-e-ovos,Queijo Flamengo Fatiado,2.0,KG,4.71,11.78,€
8513,2416978,laticinios-e-ovos,Manteiga Magra,0.25,KG,2.11,8.44,€
8514,5637299,laticinios-e-ovos,Iogurte Líquido Stracciatella,0.64,KG,1.31,2.05,€
8515,2377626,laticinios-e-ovos,Creme Vegetal de Soja para Culinária,0.25,LT,1.79,7.16,€
8516,2888438,laticinios-e-ovos,Queijo Flamengo Fatiado,0.5,KG,3.95,7.90,€
8518,6664918,laticinios-e-ovos,Ovos de Ar Livre Classe M/L,12.0,DOZ,2.81,2.81,€
8521,2705884,laticinios-e-ovos,Manteiga com Sal Açores,0.25,KG,1.97,7.88,€
8522,5499368,laticinios-e-ovos,Leite Achocolatado,8.0,LT,2.69,1.68,€
8523,7499673,laticinios-e-ovos,Queijo Feta DOP,0.15,KG,1.87,12.47,€
8525,7403700,laticinios-e-ovos,Iogurte Grego Mythos Natural,1.0,KG,2.25,2.25,€
8526,6896860,laticinios-e-ovos,Natas UHT para Culinária,0.2,LT,0.72,3.60,€
8528,6903601,laticinios-e-ovos,Ovos de Solo Classe XL,6.0,DOZ,1.97,3.94,€
8530,3579522,laticinios-e-ovos,Leite UHT Meio Gordo,3.0,LT,1.11,1.85,€
8531,5784205,laticinios-e-ovos,"Iogurte Aroma Tutti Frutti, Morango, Limão, Framboesa, Coco e Banana Pack Poupança",2.0,KG,2.34,1.17,€
8532,6805484,laticinios-e-ovos,Ovos Ar Livre Classe M/L,6.0,DOZ,1.5,3.00,€
8533,6752430,laticinios-e-ovos,Queijo Flamengo Fatiado,0.2,KG,2.5,12.50,€
8534,6804954,laticinios-e-ovos,Iogurte Natural,1.0,KG,1.4,1.40,€
8535,2482134,laticinios-e-ovos,Manteiga com Sal,0.25,KG,1.99,7.96,€
8536,6355315,laticinios-e-ovos,Queijo Fresco de Vaca Longa Duração Light,4.0,KG,2.53,10.12,€
8538,4749262,laticinios-e-ovos,Leite Achocolatado,4.0,LT,1.69,2.11,€
8539,5718014,laticinios-e-ovos,Manteiga Magra,0.25,KG,1.87,7.48,€
8540,4696631,laticinios-e-ovos,Iogurte Natural,0.96,KG,1.87,1.95,€
8541,5803140,laticinios-e-ovos,Queijo Fresco Longa Duração,3.0,KG,2.25,10.42,€
8542,4756309,laticinios-e-ovos,Leite Achocolatado,4.0,LT,1.69,2.11,€
8543,6184775,laticinios-e-ovos,Queijo Flamengo Fatiado Express,0.2,KG,1.87,9.35,€
8544,5929327,laticinios-e-ovos,Iogurte Líquido Magro Frutos Vermelhos,0.64,KG,1.31,2.05,€
8545,7141459,laticinios-e-ovos,Iogurte Líquido Ananás e Coco sem Açúcar,0.64,KG,1.31,2.05,€
8547,7062996,laticinios-e-ovos,Leite UHT Meio Gordo,3.0,LT,0.89,1.48,€
8548,4422019,laticinios-e-ovos,Leite Meio Gordo sem Lactose,4.0,LT,1.97,2.46,€
8549,6189129,laticinios-e-ovos,Natas para Culinária Leve,0.2,LT,0.84,4.20,€
8550,5981241,laticinios-e-ovos,Iogurte Líquido Morango e Banana,0.64,KG,1.31,2.05,€
8551,2211086,laticinios-e-ovos,Manteiga com Sal,0.25,KG,2.25,9.00,€
8552,5981052,laticinios-e-ovos,Iogurte Líquido Morango,0.64,KG,1.31,2.05,€
8553,5981230,laticinios-e-ovos,Iogurte Líquido Tutti Frutti,0.64,KG,1.31,2.05,€
8554,6189119,laticinios-e-ovos,Nata Cremosa para Bater,0.2,LT,0.76,3.80,€
8555,7682172,laticinios-e-ovos,Iogurte Líquido Magro Morango e Banana,0.64,KG,1.31,2.05,€
8556,7408600,laticinios-e-ovos,Iogurte Líquido Magro Morango,1.24,KG,3.01,2.43,€
8557,5889419,laticinios-e-ovos,Iogurte Líquido Magro Limão,0.64,KG,1.31,2.05,€
8558,7377516,laticinios-e-ovos,Ovos  Classe M/L,6.0,DOZ,2.17,4.34,€
8559,5890060,laticinios-e-ovos,Iogurte Líquido Magro Morango,0.64,KG,1.31,2.05,€
8560,6230298,laticinios-e-ovos,Iogurte Líquido Bifidus Morango,0.62,KG,1.87,3.02,€
8561,5830731,laticinios-e-ovos,Iogurte Líquido Morango e Banana sem Lactose,0.64,KG,2.16,3.38,€
8562,6230313,laticinios-e-ovos,Iogurte Líquido Bifidus Magro Pêssego e Maracujá,0.62,KG,1.88,3.03,€
8563,7214151,laticinios-e-ovos,Iogurte Grego Natural Açúcarado,0.44,KG,2.35,5.34,€
8564,5794582,laticinios-e-ovos,Iogurte Grego Mythos Stracciatella,0.5,KG,1.59,3.18,€
8565,6230319,laticinios-e-ovos,Iogurte Líquido Bifidus Magro Lima e Limão,0.62,KG,1.88,3.03,€
8566,6141834,laticinios-e-ovos,Iogurte Líquido Banana,0.64,KG,1.88,2.94,€
8567,3825683,laticinios-e-ovos,Natas para Culinária,0.2,LT,0.99,4.95,€
8568,6078858,laticinios-e-ovos,Iogurte Líquido Tutti Frutti,1.28,KG,3.67,2.87,€
8572,6249460,laticinios-e-ovos,Queijo Mozzarella,0.125,KG,0.99,7.92,€
8573,7214150,laticinios-e-ovos,Iogurte Grego Natural,0.44,KG,2.35,5.34,€
8574,7682087,laticinios-e-ovos,Iogurte Líquido Magro Maçã e Pera,0.64,KG,1.31,2.05,€
8575,6409881,laticinios-e-ovos,Queijo Creme Light para Barrar Familiar,0.27,KG,3.19,11.81,€
8576,6109871,laticinios-e-ovos,Iogurte Líquido Magro Ananás e Coco,0.62,KG,1.78,2.87,€
8577,2237563,laticinios-e-ovos,Queijo Fundido Palitos,0.14,KG,1.87,13.36,€
8578,5981246,laticinios-e-ovos,Iogurte Líquido Frutos Vermelhos,0.64,KG,1.31,2.05,€
8579,4570413,laticinios-e-ovos,Iogurte Líquido Morango e Banana,1.0,KG,1.5,1.50,€
8580,5761643,laticinios-e-ovos,Creme Vegetal Culinário,0.45,KG,2.39,5.31,€
8581,4075351,laticinios-e-ovos,Manteiga Magra,0.25,KG,2.25,9.00,€
8582,5917759,laticinios-e-ovos,Creme Vegetal de Soja para Culinária,0.2,LT,0.99,4.95,€
8583,4090087,laticinios-e-ovos,Manteiga sem Sal,0.25,KG,2.25,9.00,€
8584,7411370,laticinios-e-ovos,Iogurte Líquido Bifidus Cereais Integrais,1.24,KG,3.67,2.96,€
8585,4154145,laticinios-e-ovos,Leite Achocolatado sem Lactose,4.0,LT,2.34,2.93,€
8586,7132953,laticinios-e-ovos,"Iogurte Polpa Banana, Laranja e Bolacha",0.48,KG,1.49,3.10,€
8587,7214149,laticinios-e-ovos,Iogurte Grego Morango,0.44,KG,1.88,4.27,€
8589,5981234,laticinios-e-ovos,Iogurte Líquido Pinacolada,0.64,KG,1.31,2.05,€
8590,6404017,laticinios-e-ovos,Iogurte Bifidus Cremoso Lima e Limão,0.48,KG,1.87,3.90,€
8591,7477484,laticinios-e-ovos,Pudim +Proteína Caramelo,0.2,UN,1.19,5.95,€
8592,7132954,laticinios-e-ovos,Iogurte Polpa Morango,0.48,KG,1.49,3.10,€
8593,7214147,laticinios-e-ovos,Iogurte Grego Manga e Papaia,0.44,KG,1.88,4.27,€
8594,6638973,laticinios-e-ovos,"Iogurte Aroma Morango, Ananás e Banana Super Poupança",0.96,KG,1.87,1.95,€
8595,5696987,laticinios-e-ovos,Iogurte Grego Mythos Natural Açucarado,0.5,KG,1.59,3.18,€
8596,4871492,laticinios-e-ovos,Manteiga com Sal,0.25,KG,2.44,9.76,€
8597,6579727,laticinios-e-ovos,Gelatina Pronta Tangerina,0.4,KG,0.99,2.48,€
8598,4337448,laticinios-e-ovos,Molho Bechamel,0.5,LT,1.59,3.18,€
8599,7497341,laticinios-e-ovos,Iogurte Líquido Magro Defesas Natural,1.2,KG,4.42,3.68,€
8601,2528757,laticinios-e-ovos,Creme Vegetal Culinário Líquido,0.5,LT,3.49,6.98,€
8602,6770911,laticinios-e-ovos,Queijo Brie,0.2,KG,1.68,8.40,€
8603,5638928,laticinios-e-ovos,Iogurte Líquido Melão e Melancia,0.64,KG,1.31,2.05,€
8604,6247761,laticinios-e-ovos,Iogurte Líquido Bifidus Framboesa e Romã,0.62,KG,1.87,3.02,€
8605,7477480,laticinios-e-ovos,Pudim +Proteína Chocolate,0.2,KG,1.19,5.95,€
8606,6109872,laticinios-e-ovos,Iogurte Líquido Magro Morango e Kiwi,0.62,KG,1.78,2.87,€
8607,2501358,laticinios-e-ovos,Ovos de Ar Livre Classe M/L,6.0,DOZ,1.45,2.90,€
8608,6346489,laticinios-e-ovos,Queijo Mozzarella de Búfala,0.125,KG,1.59,12.72,€
8609,5830741,laticinios-e-ovos,Iogurte Líquido Morango sem Lactose,0.64,KG,2.16,3.38,€
8610,5013557,laticinios-e-ovos,Queijo Parmigiano Reggiano Ralado,0.06,KG,1.87,31.17,€
8612,6102231,laticinios-e-ovos,Leite Achocolatado Go!,3.0,LT,3.15,4.20,€
8613,6109864,laticinios-e-ovos,Iogurte Líquido Magro Morango e Framboesa,0.62,KG,1.78,2.87,€
8614,6227578,laticinios-e-ovos,Iogurte Líquido Stracciatella,0.62,KG,1.78,2.87,€
8615,2915648,laticinios-e-ovos,Queijo Mini Light,6.0,KG,1.96,16.33,€
8616,6805482,laticinios-e-ovos,Ovos de Solo Classe L,6.0,DOZ,1.4,2.80,€
8617,4951989,laticinios-e-ovos,Iogurte Líquido Defesa Tutti Frutti,0.6,KG,2.63,4.38,€
8618,5561362,laticinios-e-ovos,Gelatina Pronta Ananás,0.4,KG,0.95,2.38,€
8619,4951966,laticinios-e-ovos,Iogurte Líquido Defesa Natural,0.6,KG,2.63,4.38,€
8620,2211088,laticinios-e-ovos,Creme Culinário,0.25,KG,1.59,6.36,€
8621,7214148,laticinios-e-ovos,Iogurte Grego Maracujá,0.44,KG,1.88,4.27,€
8622,5645597,laticinios-e-ovos,Iogurte Líquido Pêssego Maracujá,0.64,KG,1.31,2.05,€
8623,3906059,laticinios-e-ovos,Yofu Soja Pedaços Mirtilo,0.5,KG,2.82,5.64,€
8624,5539467,laticinios-e-ovos,Yofu Soja Pedaços Framboesa e Amora,0.5,KG,2.82,5.64,€
8625,7723967,laticinios-e-ovos,Gelatina Pronta Morango,0.72,KG,3.85,5.35,€
8626,7625314,laticinios-e-ovos,Creme Vegetal para Barrar Sabor a Manteiga,0.4,KG,2.99,7.48,€
8628,4157089,laticinios-e-ovos,Iogurte Bifidus Natural,0.48,KG,1.87,3.90,€
8629,7408599,laticinios-e-ovos,Iogurte Líquido Magro Frutos Tropicais,0.62,KG,1.78,2.87,€
8630,7021154,laticinios-e-ovos,Iogurte Líquido Morango e Banana sem Lactose,0.64,KG,1.4,2.19,€
8631,7132956,laticinios-e-ovos,Iogurte Polpa Pera,0.48,KG,1.49,3.10,€
8632,4953677,laticinios-e-ovos,Yofu Soja Mix Polpa,0.5,KG,2.82,5.64,€
8633,4695128,laticinios-e-ovos,Iogurte Líquido Frutos do Bosque,1.0,KG,1.5,1.50,€
8634,6230308,laticinios-e-ovos,Iogurte Líquido Bifidus Magro Morango e Kiwi,0.62,KG,1.88,3.03,€
8635,4431793,laticinios-e-ovos,Yofu Soja Pedaços Pêssego e Frutos Exóticos,0.5,KG,2.82,€5.64, 
8636,7132955,laticinios-e-ovos,Iogurte Polpa Morango e Banana,0.48,KG,1.49,3.10,€
8637,2701448,laticinios-e-ovos,Molho Bechamel,0.2,LT,1.19,5.95,€
8638,4064262,laticinios-e-ovos,Molho Bechamel Leve,0.5,LT,2.43,4.86,€
8639,5697239,laticinios-e-ovos,Iogurte Grego Mythos Maracujá,0.5,KG,1.59,3.18,€
8640,5486785,laticinios-e-ovos,Iogurte Bifidus Cremoso Frutos Silvestres,0.48,KG,1.87,3.90,€
8641,6227544,laticinios-e-ovos,Iogurte Líquido Morango,0.62,KG,1.78,2.87,€
8642,6302446,laticinios-e-ovos,"Iogurte Pedaços Morango, Frutos Silvestres, Ananás e Pêssego",1.0,KG,2.06,2.06,€
8643,5794442,laticinios-e-ovos,Iogurte Líquido Morango sem Lactose,0.64,KG,1.4,2.19,€
8644,5638927,laticinios-e-ovos,Iogurte Líquido Framboesa,0.64,KG,1.31,2.05,€
8645,7723946,laticinios-e-ovos,Gelatina Pronta Ananás sem Açúcar,0.36,KG,1.53,4.25,€
8646,7234296,laticinios-e-ovos,Natas para Culinária sem Lactose ,0.2,LT,0.89,4.45,€
8647,6062891,laticinios-e-ovos,Iogurte Pouch Morango Infantil,0.28,KG,2.01,7.18,€
8648,5124964,laticinios-e-ovos,Manteiga com Sal,0.25,KG,2.19,8.76,€
8649,6230314,laticinios-e-ovos,Iogurte Líquido Bifidus Magro Frutos Silvestres,0.62,KG,1.88,3.03,€
8650,2213480,laticinios-e-ovos,Natas para Culinária,0.2,LT,1.23,6.15,€
8651,5809237,laticinios-e-ovos,Iogurte Bifidus Pedaços Aveia e Noz,0.48,KG,2.16,4.70,€
8652,5695589,laticinios-e-ovos,Molho de Natas para Massas,0.2,LT,1.19,5.95,€
8653,6141945,laticinios-e-ovos,Iogurte Líquido Frutos Tropicais,0.64,KG,1.88,2.94,€
8654,7723941,laticinios-e-ovos,Gelatina Pronta Frutos Tropicais sem Açúcar,0.36,KG,1.53,4.25,€
8655,5981228,laticinios-e-ovos,Iogurte Líquido Manga,0.64,KG,1.31,2.05,€
8656,2523245,laticinios-e-ovos,Natas Cremosas Light,0.2,LT,0.99,4.95,€
8657,4570412,laticinios-e-ovos,Iogurte Líquido Pinacolada,1.0,KG,1.5,1.50,€
8658,7214152,laticinios-e-ovos,Iogurte Grego Pêssego,0.44,KG,1.88,4.27,€
8659,5542289,laticinios-e-ovos,Manteiga com Sal Gourmet,0.25,KG,2.63,10.52,€
8660,7723943,laticinios-e-ovos,Gelatina Pronta Morango sem Açúcar,0.36,KG,1.53,4.25,€
8661,4377808,laticinios-e-ovos,Queijinho Polpa Morango Infantil,0.3,KG,1.87,6.23,€
8662,5777352,laticinios-e-ovos,Natas com Caril,0.2,LT,1.09,5.45,€
8663,7723960,laticinios-e-ovos,Gelatina Pronta Mirtilo sem Açúcar,0.36,KG,1.53,4.25,€
8664,5794756,laticinios-e-ovos,Iogurte Grego Mythos Maçã e Canela,0.5,KG,1.59,3.18,€
8665,7723950,laticinios-e-ovos,Gelatina Pronta Melancia sem Açúcar,0.36,KG,1.53,4.25,€
8666,4555303,laticinios-e-ovos,Pudim Flan Baunilha,0.6,KG,1.19,1.98,€
8667,5645584,laticinios-e-ovos,Iogurte Líquido Lima Coco,0.64,KG,1.31,2.05,€
8668,2919996,laticinios-e-ovos,Manteiga com Sal Fácil Barrar,0.25,KG,2.3,9.20,€
8669,4337460,laticinios-e-ovos,Molho Bechamel,0.2,LT,0.99,4.95,€
8670,6881529,laticinios-e-ovos,Iogurte Grego Cheesecake de Mirtilo,0.44,KG,1.88,4.27,€
8671,6590077,laticinios-e-ovos,Leite UHT Magro Selecionado Leve,3.0,LT,1.35,2.25,€
8672,7406212,laticinios-e-ovos,Iogurte Aroma Multifrutos sem Lactose,0.48,KG,1.78,3.71,€
8673,5248728,laticinios-e-ovos,Iogurte Líquido Morango Infantil,0.4,KG,1.78,4.45,€
8674,7010820,laticinios-e-ovos,Manteiga sem Sal,0.25,KG,2.19,8.76,€
8675,7411371,laticinios-e-ovos,Iogurte Líquido Bifidus Magro Frutos Silvestres,1.24,KG,3.76,3.03,€
8676,7420248,laticinios-e-ovos,Iogurte Líquido Frutos Tropicais sem Lactose,0.64,KG,2.16,3.38,€
8677,7458548,laticinios-e-ovos,Iogurte Líquido Defesas Vita C,0.6,KG,2.63,4.38,€
8678,6119649,laticinios-e-ovos,Iogurte Grego Mythos Natural,0.5,KG,1.59,3.18,€
8679,4377949,laticinios-e-ovos,Queijinho Polpa Morango e Banana Infantil,0.3,KG,1.87,6.23,€
8680,7368462,laticinios-e-ovos,Gelatina Pronta Morango Pack Poupança,0.6,KG,1.39,2.32,€
8681,4556545,laticinios-e-ovos,Queijo Fatiado,0.2,KG,2.12,10.60,€
8682,7599431,laticinios-e-ovos,Iogurte Líquido +Proteína Morango,0.28,KG,1.12,4.00,€
8683,7461472,laticinios-e-ovos,Iogurte Bifidus Pedaços Magro Ananás,0.48,KG,1.78,3.71,€
8684,5697161,laticinios-e-ovos,Iogurte Grego Mythos Morango,0.5,KG,1.59,3.18,€
8685,4527947,laticinios-e-ovos,"Iogurte Aroma Morango, Banana e Tutti Frutti",0.96,KG,1.87,1.95,€
8686,7475062,laticinios-e-ovos,Iogurte Líquido Magro Morango,1.0,KG,1.5,1.50,€
8687,5084714,laticinios-e-ovos,Gelatina Pronta Tutti Frutti,0.4,KG,0.9,2.25,€
8688,2826889,laticinios-e-ovos,Natas com Cogumelos,0.2,LT,1.09,5.45,€
8689,7214076,laticinios-e-ovos,Iogurte Grego Maçã e Canela,0.44,KG,1.88,4.27,€
8690,7477482,laticinios-e-ovos,Pudim +Proteína Baunilha,0.2,KG,1.19,5.95,€
8691,7128711,laticinios-e-ovos,Iogurte Magro Aroma Manga e Framboesa,0.75,KG,1.12,1.49,€
8692,7657732,laticinios-e-ovos,Iogurte Líquido Banana,0.906,KG,2.16,2.38,€
8693,5777370,laticinios-e-ovos,Natas UHT para Culinária sem Lactose,0.2,LT,1.45,7.25,€
8694,6227575,laticinios-e-ovos,Iogurte Líquido Morango e Banana,0.62,KG,1.78,2.87,€
8696,6849096,laticinios-e-ovos,Ovos Classe L,12.0,DOZ,2.97,2.97,€
8697,4456029,laticinios-e-ovos,Molho de Natas para Carne,0.2,LT,1.19,5.95,€
8698,7458547,laticinios-e-ovos,Iogurte Líquido Reduz Colesterol Frutos Exóticos,1.2,KG,4.99,4.16,€
8699,6207968,laticinios-e-ovos,Iogurte Líquido Lima Limão,0.64,KG,1.31,2.05,€
8700,6404015,laticinios-e-ovos,Iogurte Bifidus Cremoso Magro Frutos Silvestres,0.48,KG,1.87,3.90,€
8701,7374025,laticinios-e-ovos,Iogurte Líquido Morango Infantil,1.2,KG,4.42,3.68,€
8702,2211007,laticinios-e-ovos,Natas Cremosas,0.2,LT,0.99,4.95,€
8703,6758815,laticinios-e-ovos,Gelatina Pronta Manga e Maracujá,0.4,KG,0.99,2.48,€
8704,5476891,laticinios-e-ovos,Iogurte Líquido Tutti Frutti Infantil,0.4,KG,1.78,4.45,€
8705,6838203,laticinios-e-ovos,Iogurte Líquido Morango,1.0,KG,1.5,1.50,€
8706,6247764,laticinios-e-ovos,Iogurte Líquido Bifidus Manga e Papaia,0.62,KG,1.87,3.02,€
8708,7477290,laticinios-e-ovos,Iogurte Grego Cheesecake Limão,0.44,KG,1.79,4.07,€
8709,6638981,laticinios-e-ovos,"Iogurte Aroma Morango, Coco e Tutti Frutti Super Poupança",0.96,KG,1.87,1.95,€
8710,5338404,laticinios-e-ovos,Iogurte Líquido Morango e Banana Infantil,0.6,KG,1.02,1.70,€
8711,5794512,laticinios-e-ovos,Iogurte Grego Mythos Baunilha,0.5,KG,1.59,3.18,€
8712,5981217,laticinios-e-ovos,Iogurte Líquido Bolacha,0.64,KG,1.31,2.05,€
8713,2211089,laticinios-e-ovos,Creme Culinário,1.0,KG,3.49,3.49,€
8714,2211139,laticinios-e-ovos,Manteiga com Sal,0.25,KG,2.19,8.76,€
8715,6141952,laticinios-e-ovos,Iogurte Líquido Cremoso Morango,0.64,KG,1.88,2.94,€
8716,2309527,laticinios-e-ovos,Manteiga com Sal,0.25,KG,2.25,9.00,€
8717,6892648,laticinios-e-ovos,Creme de Chocolate e Chantilly,0.4,KG,2.29,5.72,€
8718,7214074,laticinios-e-ovos,Iogurte Grego Amora,0.44,KG,1.88,4.27,€
8719,3045839,laticinios-e-ovos,Queijinho Morango e Baunilha Suissinho Duo Mix Infantil,0.36,KG,2.25,6.25,€
8720,7417600,laticinios-e-ovos,Iogurte Grego Ananás,0.44,KG,1.88,4.27,€
8721,7169337,laticinios-e-ovos,Iogurte Pedaços Pêssego,0.5,KG,1.12,2.24,€
8722,7724042,laticinios-e-ovos,Gelatina Pronta Morango,0.36,KG,1.99,5.53,€
8723,6934340,laticinios-e-ovos,Iogurte Líquido Skyr Banana,0.17,KG,0.74,4.35,€
8724,7214145,laticinios-e-ovos,Iogurte Grego Café,0.44,KG,1.88,4.27,€
8726,3036033,laticinios-e-ovos,Leite Aromatizado com Morango,4.0,LT,1.69,2.11,€
8727,7639131,laticinios-e-ovos,Iogurte Grego Natural,0.9,KG,3.95,4.39,€
8728,5496381,laticinios-e-ovos,Natas com 3 Pimentas,0.2,LT,1.09,5.45,€
8729,7450116,laticinios-e-ovos,Iogurte Skyr Mirtilo,0.15,KG,0.74,4.93,€
8730,6141949,laticinios-e-ovos,Iogurte Líquido Morango e Banana,0.64,KG,1.88,2.94,€
8731,5788581,laticinios-e-ovos,Iogurte Aroma Coco,0.5,KG,0.74,1.48,€
8732,7649015,laticinios-e-ovos,Iogurte Líquido Magro Frutos Tropicais,1.208,KG,2.88,2.38,€
8733,6141944,laticinios-e-ovos,Iogurte Líquido Frutos Silvestres,0.64,KG,1.88,2.94,€
8734,5338382,laticinios-e-ovos,Iogurte Líquido Morango Infantil,0.6,KG,1.02,1.70,€
8736,5761737,laticinios-e-ovos,Creme para Barrar Sabor a Manteiga e Sal Marinho,0.45,KG,3.19,7.09,€
8737,4632750,laticinios-e-ovos,Iogurte Mix-In Morango com Smarties Infantil,0.256,KG,1.88,7.34,€
8738,7522374,laticinios-e-ovos,Iogurte Bifidus Pedaços Magro Pêssego,0.48,KG,1.78,3.71,€
8739,6838197,laticinios-e-ovos,Iogurte Líquido Natural Açucarado,1.0,KG,1.5,1.50,€
8740,6230300,laticinios-e-ovos,Iogurte Líquido Bifidus Kiwi,0.62,KG,1.87,3.02,€
8742,5053784,laticinios-e-ovos,Natas com Ervas Aromáticas,0.2,LT,1.09,5.45,€
8743,7214146,laticinios-e-ovos,Iogurte Grego Caramelo,0.44,KG,1.88,4.27,€
8744,5810691,laticinios-e-ovos,Iogurte Aroma Morango sem Lactose,0.48,KG,0.93,1.94,€
8745,4865289,laticinios-e-ovos,Iogurte Líquido Reduz Colesterol Morango,1.2,KG,4.99,4.16,€
8746,5561364,laticinios-e-ovos,Gelatina Pronta Morango,0.4,KG,0.95,2.38,€
8747,2211132,laticinios-e-ovos,Manteiga com Sal,0.25,KG,2.11,8.44,€
8748,5716091,laticinios-e-ovos,Yofu Soja Baunilha,0.5,KG,2.82,5.64,€
8750,7062997,laticinios-e-ovos,Leite UHT Magro,3.0,LT,0.89,1.48,€
8751,7417597,laticinios-e-ovos,Iogurte Grego Coco,0.44,KG,1.88,4.27,€
8752,7634949,laticinios-e-ovos,Iogurte Líquido Ananás e Coco sem Lactose,0.64,KG,1.4,2.19,€
8753,6227581,laticinios-e-ovos,Iogurte Líquido Lima e Limão,0.62,KG,1.78,€2.87, 
8754,7420247,laticinios-e-ovos,Iogurte Líquido Frutos Silvestres sem Lactose,0.64,KG,2.16,3.38,€
8755,7653005,laticinios-e-ovos,Natas UHT para Culinária sem Lactose,0.2,LT,1.09,5.45,€
8756,6261256,laticinios-e-ovos,Manteiga com Sal Açores,0.25,KG,1.97,7.88,€
8757,4527948,laticinios-e-ovos,"Iogurte Aroma Morango, Manga e Pêssego",0.96,KG,1.87,1.95,€
8758,7621872,laticinios-e-ovos,Creme para Barrar Original,0.4,KG,2.63,6.57,€
8759,3579611,laticinios-e-ovos,Leite UHT Magro,3.0,LT,1.11,1.85,€
8760,6404048,laticinios-e-ovos,Creme de Chocolate,0.5,KG,2.29,4.58,€
8761,4632697,laticinios-e-ovos,Iogurte Mix-In Kit Kat Infantil,0.23,KG,1.88,8.17,€
8762,5709291,laticinios-e-ovos,Iogurte Líquido Magro Defesas Morango,0.6,KG,2.63,4.38,€
8763,4860742,laticinios-e-ovos,Leite Achocolatado,4.0,LT,1.35,1.69,€
8764,7621337,laticinios-e-ovos,Iogurte Líquido Magro Frutos Vermelhos sem Lactose,0.64,UN,1.4,2.19,€
8765,3645069,laticinios-e-ovos,Iogurte Líquido Reduz Colesterol Frutos Exóticos,0.6,KG,2.82,4.70,€
8766,7449988,laticinios-e-ovos,Iogurte Líquido +Proteína Banana,0.28,UN,1.12,4.00,€
8768,7487921,laticinios-e-ovos,Iogurte Duplomix Bolas Crocantes Infantil,0.122,KG,0.55,4.51,€
8769,7634950,laticinios-e-ovos,Iogurte Líquido Manga e Papaia sem Açúcar,0.64,KG,1.68,2.63,€
8770,7724062,laticinios-e-ovos,Gelatina Pronta Tutti Frutti,0.36,KG,1.99,5.53,€
8771,7053349,laticinios-e-ovos,Iogurte Grego Mythos Caramelo,0.5,KG,1.59,3.18,€
8772,5127455,laticinios-e-ovos,Queijo Flamengo Quarto,0.325,KG,3.61,11.11,€
8773,2211085,laticinios-e-ovos,Manteiga sem Sal,0.25,KG,2.25,9.00,€
8774,7405385,laticinios-e-ovos,Pudding Proteína Baunilha,0.15,KG,1.69,11.27,€
8775,6881097,laticinios-e-ovos,Yofu Soja Morango,0.5,KG,2.82,5.64,€
8776,7682229,laticinios-e-ovos,"Iogurte Aroma Coco, Manga e Banana",0.96,KG,1.78,1.85,€
8777,5581582,laticinios-e-ovos,Iogurte Magro Natural,0.72,KG,1.12,1.56,€
8778,7607654,laticinios-e-ovos,Iogurte Morango Super Mário Infantil,0.22,KG,1.78,8.09,€
8779,6805478,laticinios-e-ovos,Ovos de Solo Classe M,6.0,DOZ,1.31,2.62,€
8780,6404049,laticinios-e-ovos,Creme de Baunilha,0.5,KG,2.29,4.58,€
8781,7487927,laticinios-e-ovos,Queijinho Pouch Morango e Banana Infantil,0.32,KG,1.4,4.38,€
8782,7723958,laticinios-e-ovos,Gelatina Pronta Limão sem Açúcar,0.36,KG,1.53,4.25,€
8783,6993198,laticinios-e-ovos,Iogurte Líquido Reduz Colesterol Noz,0.6,KG,2.82,4.70,€
8784,6389098,laticinios-e-ovos,Iogurte Líquido Skyr Morango,0.17,KG,0.74,4.35,€
8785,2211521,laticinios-e-ovos,Iogurte Pedaços Morango,0.27,KG,1.87,7.19,€
8786,6637418,laticinios-e-ovos,Creme de Caramelo,0.5,KG,2.29,4.58,€
8787,5810711,laticinios-e-ovos,Iogurte Natural Açucarado sem Lactose,0.48,KG,0.93,1.94,€
8788,6691001,laticinios-e-ovos,Iogurte Líquido Reduz Colesterol Aveia,0.6,KG,2.82,4.70,€
8789,7445624,laticinios-e-ovos,Leite UHT Meio Gordo sem Lactose,3.0,LT,1.24,2.07,€
8790,7690843,laticinios-e-ovos,Iogurte Líquido Cookies Edição Limitada,0.64,KG,1.31,2.05,€
8791,6227579,laticinios-e-ovos,Iogurte Líquido Melão e Melancia,0.62,KG,2.82,4.55,€
8792,4363271,laticinios-e-ovos,Natas Carbonara,0.2,LT,1.09,5.45,€
8793,4155214,laticinios-e-ovos,Natas com 3 Queijos,0.2,LT,1.09,€5.45, 
8794,5532763,laticinios-e-ovos,Leite Achocolatado,3.0,LT,0.96,1.60,€
8796,6141946,laticinios-e-ovos,Iogurte Líquido Limonada,0.64,KG,1.88,2.94,€
8797,7646822,laticinios-e-ovos,Manteiga com Sal,20.0,KG,2.25,14.06,€
8798,7450128,laticinios-e-ovos,Iogurte Skyr Coco,0.15,KG,0.74,4.93,€
8800,7169336,laticinios-e-ovos,"Iogurte Pedaços Cereais, Frutos Secos e Mel",0.5,KG,1.12,2.24,€
8801,5761255,laticinios-e-ovos,Creme Vegetal Sabor a Manteiga Proactiv,0.45,KG,3.98,8.84,€
8802,6618297,laticinios-e-ovos,Iogurte Grego Mythos Café,0.46,KG,1.59,3.46,€
8803,5764027,laticinios-e-ovos,Iogurte Magro Aroma Morango e Coco,0.75,KG,1.12,1.49,€
8805,6389096,laticinios-e-ovos,Iogurte Líquido Skyr Frutos Bosque,0.17,KG,0.74,4.35,€
8806,6227582,laticinios-e-ovos,Iogurte Líquido Framboesa e Arandos,0.62,KG,1.78,2.87,€
8807,6280307,laticinios-e-ovos,Manteiga Light com Sal sem Lactose,0.125,KG,1.68,13.44,€
8808,7634952,laticinios-e-ovos,Iogurte Líquido Framboesa e Kiwi sem Açúcar,0.64,KG,1.68,2.63,€
8809,3035712,laticinios-e-ovos,Leite UHT Meio Gordo,3.0,LT,1.11,1.85,€
8810,2989727,laticinios-e-ovos,Queijo Flamengo Bola 1/4,0.35,KG,3.7,10.57,€
8811,7169338,laticinios-e-ovos,Iogurte Pedaços Morango,0.5,KG,1.12,2.24,€
8812,4321693,laticinios-e-ovos,Gelatina Pronta Vegetal Banana,0.13,KG,1.08,8.31,€
8813,5788569,laticinios-e-ovos,Iogurte Aroma Morango,0.5,KG,0.74,1.48,€
8814,5248690,laticinios-e-ovos,Iogurte Polpa Morango Infantil,0.48,KG,1.59,3.31,€
8815,5788555,laticinios-e-ovos,Iogurte Aroma Tutti Frutti,0.5,KG,0.74,1.48,€
8816,2670536,laticinios-e-ovos,Natas para Culinária Leve,0.25,LT,1.99,7.96,€
8817,2839504,laticinios-e-ovos,Sobremesa Soja e Baunilha,0.5,KG,2.99,5.98,€
8818,6934346,laticinios-e-ovos,Iogurte Skyr Banana e Canela,0.15,KG,0.74,4.93,€
8819,6230299,laticinios-e-ovos,Iogurte Líquido Bifidus Frutos Silvestres,0.62,KG,1.87,3.02,€
8820,7465056,laticinios-e-ovos,Manteiga sem Lactose,0.25,KG,2.44,9.76,€
8821,6404012,laticinios-e-ovos,Iogurte Bifidus Cremoso Magro Cocktail de Frutas,0.48,KG,1.87,3.90,€
8822,5364624,laticinios-e-ovos,Galão Cálcio,3.0,LT,2.49,4.15,€
8823,6884630,laticinios-e-ovos,Creme Vegetal para Barrar sabor a Manteiga,0.5,KG,1.79,3.58,€
8824,4270325,laticinios-e-ovos,Yofu Soja Natural,0.5,KG,2.82,5.64,€
8825,7588936,laticinios-e-ovos,Pudding Proteína Caramelo,0.15,KG,1.69,11.27,€
8826,6335155,laticinios-e-ovos,Creme Vegetal Culinário,1.0,KG,2.49,2.49,€
8828,3073596,laticinios-e-ovos,Iogurte Líquido Reduz Colesterol Morango,0.6,KG,2.82,4.70,€
8829,7621886,laticinios-e-ovos,Creme para Barrar Sabor a Manteiga,0.4,KG,2.79,6.97,€
8830,4321721,laticinios-e-ovos,Gelatina Pronta Vegetal Manga,0.13,KG,1.08,8.31,€
8832,2616306,laticinios-e-ovos,Manteiga com Sal,0.25,KG,2.16,8.64,€
8833,7214144,laticinios-e-ovos,Iogurte Grego Stracciatella,0.44,KG,1.88,4.27,€
8834,6801804,laticinios-e-ovos,"Iogurte Magro Aroma Morango, Coco e Manga",0.96,KG,2.34,2.44,€
8835,7625842,laticinios-e-ovos,Iogurte Pedaços Magro Amora e Framboesa sem Açúcar,0.5,KG,1.59,3.18,€
8836,6275777,laticinios-e-ovos,Iogurte Skyr Morango,0.15,KG,0.74,4.93,€
8837,5084705,laticinios-e-ovos,Gelatina Pronta Ananás,0.4,KG,0.9,2.25,€
8838,7169339,laticinios-e-ovos,Iogurte Pedaços Frutos Silvestres,0.5,KG,1.12,2.24,€
8839,7591767,laticinios-e-ovos,Iogurte Líquido Proteína Pêssego e Maracujá,0.3,KG,1.87,6.23,€
8840,6838152,laticinios-e-ovos,Iogurte Natural Açucarado com Açúcar de Cana,0.75,KG,1.21,1.61,€
8841,7411094,laticinios-e-ovos,Pudim Proteína Avelã,0.2,KG,1.89,9.45,€
8842,7487918,laticinios-e-ovos,Iogurte Duplomix Drageias Coloridas Infantil,0.14,KG,0.55,3.93,€
8843,5691171,laticinios-e-ovos,Queijinho Morango e Banana Infantil,0.36,KG,0.83,2.31,€
8844,6801807,laticinios-e-ovos,"Iogurte Magro Aroma Morango, Kiwi, Banana e Pêssego",0.96,KG,2.34,2.44,€
8845,6949923,laticinios-e-ovos,Iogurte Líquido Morango,0.54,KG,2.25,4.17,€
8846,6949938,laticinios-e-ovos,"Queijinho Morango, Pera e Alperce Suissinho Infantil",0.252,KG,2.55,10.12,€
8847,6141947,laticinios-e-ovos,Iogurte Líquido Morango,0.64,KG,1.88,2.94,€
8848,7127135,laticinios-e-ovos,Iogurte Grego Stracciatella sem Lactose,0.24,KG,1.5,6.25,€
8849,2298035,laticinios-e-ovos,Queijinho Chocolate Nesquik Infantil,0.36,KG,2.79,7.75,€
8850,7479828,laticinios-e-ovos,Iogurte Líquido Morango e Banana,0.64,KG,1.31,2.05,€
8851,7525588,laticinios-e-ovos,Yofu Soja Frutos Vermelhos Sem Açúcar,0.4,KG,2.82,7.05,€
8852,7599436,laticinios-e-ovos,Pudim Flan Ovos,0.4,UN,1.59,0.40,€
8853,6903970,laticinios-e-ovos,Vegegurte Soja Alperce e Goiaba,0.4,KG,1.21,3.03,€
8854,7018436,laticinios-e-ovos,Iogurte Líquido Bifidus Morango e Kiwi,0.64,KG,1.4,2.19,€
8855,3891043,laticinios-e-ovos,Natas para Culinária Leve,0.2,LT,1.23,6.15,€
8856,6335152,laticinios-e-ovos,Creme Vegetal Culinário Omega 3,0.5,KG,2.29,4.58,€
8857,5476889,laticinios-e-ovos,Yofu Soja Natural com Coco,0.5,KG,2.82,5.64,€
8858,2839517,laticinios-e-ovos,Sobremesa Soja com Chocolate Puro com Cálcio,0.5,KG,2.99,5.98,€
8859,7724052,laticinios-e-ovos,Gelatina Pronta Ananás,0.36,KG,1.99,5.53,€
8860,7408598,laticinios-e-ovos,Iogurte Líquido Magro Frutos Silvestres,0.62,KG,1.78,2.87,€
8861,5198567,laticinios-e-ovos,Molho Bechamel,0.5,LT,1.99,3.98,€
8862,7648239,laticinios-e-ovos,Iogurte Líquido Morango,1.208,KG,2.68,2.22,€
8863,7648240,laticinios-e-ovos,Iogurte Líquido Magro Frutos Silvestres,0.906,KG,2.53,2.79,€
8864,7624278,laticinios-e-ovos,Creme Vegetal para Barrar,0.225,KG,1.99,8.84,€
8865,7630412,laticinios-e-ovos,Creme para Barrar Original,0.9,KG,4.8,5.33,€
8866,6297746,laticinios-e-ovos,Iogurte Líquido Bifidus Cereais Integrais,0.64,KG,1.4,2.19,€
8867,7714812,laticinios-e-ovos,Iogurte Grego Topper Chocolate e Amêndoa,0.118,KG,0.93,7.88,€
8868,6437996,laticinios-e-ovos,Bebida Vegetal de Amêndoa,3.0,LT,1.68,2.80,€
8869,7405354,laticinios-e-ovos,Pudding Proteína Chocolate,0.15,KG,2.27,15.13,€
8870,7654200,laticinios-e-ovos,Iogurte Líquido Magro Ananás,0.906,KG,2.53,2.79,€
8871,7630413,laticinios-e-ovos,Creme Vegetal para Barrar Sabor a Manteiga,0.9,KG,4.99,5.54,€
8872,7182962,laticinios-e-ovos,Iogurte Grego Mythos Amora e Mirtilo,0.5,KG,1.59,3.18,€
8873,2565471,laticinios-e-ovos,Molho Bechamel,0.5,LT,2.43,4.86,€
8874,2211556,laticinios-e-ovos,Iogurte Natural Açucarado,0.27,KG,1.87,7.19,€
8875,7415125,laticinios-e-ovos,Creme para Barrar Sabor a Manteiga,0.225,KG,3.99,17.73,€
8876,6937691,laticinios-e-ovos,Iogurte Pedaços Magro Morango sem Açúcar,0.5,KG,1.36,2.72,€
8878,7723963,laticinios-e-ovos,Gelatina Pronta Frutos do Bosque sem Açúcar,0.36,KG,1.53,4.25,€
8879,7712763,laticinios-e-ovos,Iogurte Líquido Frutos Tropicais,0.604,KG,1.41,2.33,€
8880,7083225,laticinios-e-ovos,Gelatina Pronta Ananás,0.4,KG,1.94,4.85,€
8881,7625841,laticinios-e-ovos,Iogurte Pedaços Magro Ananás sem Açúcar,0.5,KG,1.59,3.18,€
8882,6716806,laticinios-e-ovos,Iogurte Natural,0.48,KG,0.99,2.06,€
8883,7649329,laticinios-e-ovos,Iogurte Bifidus Fibra Pedaços Cereais,0.92,KG,3.76,4.09,€
8884,3036249,laticinios-e-ovos,Leite Achocolatado,6.0,LT,5.99,3.99,€
8885,7459630,laticinios-e-ovos,Iogurte Líquido Bifidus Manga e Maracujá,0.64,KG,1.4,2.19,€
8886,7539355,laticinios-e-ovos,Bebida Vegetal de Soja Chocolate,3.0,LT,1.21,2.02,€
8888,6901775,laticinios-e-ovos,Iogurte Pedaços Mirtilo,0.5,KG,1.59,3.18,€
8889,7383016,laticinios-e-ovos,Iogurte Líquido Proteína Manga,0.3,KG,1.87,6.23,€
8890,7522366,laticinios-e-ovos,"Iogurte Bifidus Topper Cereais Muesli, Chia e Amêndoa",0.17,KG,1.49,8.76,€
8891,7525582,laticinios-e-ovos,Yofu Soja Ananás e Maracujá Sem Açúcar,0.4,KG,2.82,7.05,€
8892,7383018,laticinios-e-ovos,Iogurte Líquido Proteína Coco,0.3,KG,1.87,6.23,€
8893,2922836,laticinios-e-ovos,Creme Vegetal de Soja Light para Culinária,0.25,LT,1.89,7.56,€
8894,4241612,laticinios-e-ovos,Queijinho Morango e Banana Duo Mix Suissinho Infantil,0.36,KG,2.25,6.25,€
8895,5765488,laticinios-e-ovos,Creme Vegetal Proactiv Original,0.45,KG,3.87,8.60,€
8896,5783822,laticinios-e-ovos,Iogurte Natural Açucarado,0.1,KG,1.4,1.40,€
8897,7452611,laticinios-e-ovos,Iogurte Magro Mirtilo sem Lactose,0.48,KG,1.97,4.10,€
8898,6437987,laticinios-e-ovos,Bebida Vegetal de Arroz,3.0,LT,1.4,2.33,€
8899,6993191,laticinios-e-ovos,Creme Duo Baunilha e Chocolate,0.5,KG,2.29,4.58,€
8900,7690842,laticinios-e-ovos,Iogurte Líquido Cappuccino Edição Limitada,0.64,KG,1.31,2.05,€
8901,7649263,laticinios-e-ovos,Iogurte Líquido Fruta Exótica Sem Lactose,0.604,KG,2.06,3.41,€
8902,7479829,laticinios-e-ovos,Iogurte Líquido Morango,0.64,KG,1.31,2.05,€
8903,4456027,laticinios-e-ovos,Molho de Natas para Peixes,0.2,LT,1.19,5.95,€
8904,7479827,laticinios-e-ovos,Iogurte Líquido Tutti Frutti,0.64,KG,1.31,2.05,€
8905,7657130,laticinios-e-ovos,Iogurte Líquido Cremoso Magro Pêssego e Maracujá,0.604,KG,1.77,2.93 ,€
8906,7621869,laticinios-e-ovos,Creme Vegetal para Barrar Sabor Manteiga,0.225,KG,2.99,13.29,€
8908,6335159,laticinios-e-ovos,Creme Vegetal Culinário,0.25,KG,0.77,3.08,€
8909,5813928,laticinios-e-ovos,Iogurte Magro e Gelatina Maracujá,0.48,KG,1.69,3.52,€
8910,6242744,laticinios-e-ovos,"Iogurte Líquido Magro Triplo Zero Manga, Maracujá e Goji",0.62,KG,1.78,2.87,€
8913,7677666,laticinios-e-ovos,Iogurte Líquido Morango e Banana Infantil,0.4,KG,1.78,4.45,€
8915,7599915,laticinios-e-ovos,Leite UHT Meio Gordo,8.0,LT,6.4,0.80,€
8916,7404070,laticinios-e-ovos,Iogurte Magro Natural sem Lactose,0.48,KG,1.97,4.10,€
8917,4772377,laticinios-e-ovos,Leite Achocolatado Fresco,4.0,LT,2.2,2.75,€
8918,7621885,laticinios-e-ovos,Creme Vegetal para Barrar Sabor a Manteiga,0.225,KG,1.79,7.96,€
8919,7649002,laticinios-e-ovos,Iogurte Líquido Magro Morango,0.906,KG,2.53,2.79,€
8921,7406211,laticinios-e-ovos,Iogurte Natural Açucarado sem Lactose,0.48,KG,1.78,1.78,€
8922,7449990,laticinios-e-ovos,Iogurte Líquido +Proteína Café,0.28,KG,1.12,4.00,€
8923,7249786,laticinios-e-ovos,Iogurte Magro +Proteína Maracujá e Chia,0.145,KG,0.93,6.41,€
8925,7654182,laticinios-e-ovos,Iogurte Líquido Magro Ananás e Coco,0.906,KG,2.53,2.79,€
8927,7363839,laticinios-e-ovos,Iogurte Bifidus Pedaços Magro Aveia e Linhaça,0.48,KG,2.16,4.70,€
8928,7447818,laticinios-e-ovos,Iogurte Líquido Bifidus Aveia e Linhaça,0.62,KG,1.88,3.03,€
8930,6949935,laticinios-e-ovos,Iogurte Líquido Frutas Variadas,0.54,KG,2.25,4.17,€
8931,2211166,laticinios-e-ovos,Manteiga com Sal,0.125,KG,1.35,10.80,€
8932,7030709,laticinios-e-ovos,Iogurte Líquido Proteína Limão e Menta,0.3,KG,1.87,6.23,€
8933,7714813,laticinios-e-ovos,Iogurte Grego Topper Granola e Morango,0.118,KG,0.93,7.88,€
8934,7476890,laticinios-e-ovos,Iogurte Líquido Active Defense Morango,1.2,KG,2.44,2.03,€
8935,7414706,laticinios-e-ovos,Pudim Flan sem Lactose,0.4,KG,2.45,6.12,€
8936,6478857,laticinios-e-ovos,Yofu Soja Manga sem Açúcar,0.4,KG,2.82,7.05,€
8937,6440985,laticinios-e-ovos,Natas Cremosas sem Lactose,0.2,LT,1.09,5.45,€
8938,7404066,laticinios-e-ovos,Iogurte Magro Morango sem Lactose,0.48,KG,1.97,4.10,€
8940,4750391,laticinios-e-ovos,Leite Achocolatado,4.0,LT,1.69,2.11,€
8943,4951998,laticinios-e-ovos,Iogurte Líquido Magro Defesas Natural,0.6,KG,2.63,4.38,€
8944,4321724,laticinios-e-ovos,Gelatina Pronta Vegetal Melancia,0.13,KG,1.08,8.31,€
8945,7647743,laticinios-e-ovos,Iogurte Grego Ligeiro Morango,0.44,KG,1.88,4.27,€
8947,6903969,laticinios-e-ovos,Vegegurte Soja Frutos Vermelhos,0.4,KG,1.21,3.03,€
8949,7478826,laticinios-e-ovos,Leite Achocolatado sem Lactose,4.0,LT,2.34,2.93,€
8950,7522377,laticinios-e-ovos,Iogurte Bifidus Pedaços Magro Chia e Amêndoa,0.48,KG,2.16,4.70,€
8951,6109866,laticinios-e-ovos,Iogurte Líquido Magro Morango,0.62,KG,1.78,2.87,€
8952,2213605,laticinios-e-ovos,Natas para Bater,0.2,LT,1.23,6.15,€
8953,7449992,laticinios-e-ovos,Iogurte Líquido +Proteína Baunilha,0.28,KG,1.12,4.00,€
8954,7374369,laticinios-e-ovos,Iogurte Twix Infantil,0.12,KG,0.93,7.75,€
8955,7368848,laticinios-e-ovos,Pudim Proteína Baunilha,0.2,KG,1.89,9.45,€
8956,7709019,laticinios-e-ovos,Iogurte Aroma Baunilha e Pintarolas Infantil,0.22,KG,1.78,8.09,€
8957,3035493,laticinios-e-ovos,Bebida Vegetal de Soja Chocolate,3.0,LT,2.06,2.75,€
8958,6291645,laticinios-e-ovos,Queijo da Ilha Cunha,0.4,KG,4.42,11.05,€
8959,6293464,laticinios-e-ovos,Iogurte Aroma Morango,0.125,KG,0.83,6.64,€
8960,5958813,laticinios-e-ovos,Iogurte Aroma Manga,0.15,KG,0.83,5.53,€
8963,4632751,laticinios-e-ovos,Iogurte Mix-In Chocapic Infantil,0.236,KG,1.88,7.97,€
8964,7638958,laticinios-e-ovos,Manteiga Salsa e Alho,0.125,KG,1.59,12.72,€
8965,7591765,laticinios-e-ovos,Iogurte Líquido Proteína Stracciatella,0.3,KG,1.87,6.23,€
8966,7368849,laticinios-e-ovos,Pudim Proteína Caramelo,0.2,KG,1.89,9.45,€
8967,7115210,laticinios-e-ovos,Iogurte Proteína Kvarg Pro+ Limão e Cookies,0.15,KG,0.88,5.87,€
8968,7540820,laticinios-e-ovos,Iogurte Proteína Stracciatella,0.16,KG,1.21,7.56,€
8969,6949934,laticinios-e-ovos,Iogurte Líquido Morango e Banana,0.54,KG,2.25,4.17,€
8970,6949943,laticinios-e-ovos,Queijinho Multisabores Suissinho Infantil,0.252,KG,1.78,7.06,€
8971,5813906,laticinios-e-ovos,Iogurte Magro e Gelatina Framboesa,0.48,KG,1.69,3.52,€
8972,7368602,laticinios-e-ovos,Pudim Proteína Café,0.2,KG,1.89,9.45,€
8973,6141953,laticinios-e-ovos,Iogurte Líquido Cremoso Pêssego e Manga,0.64,KG,1.88,2.94,€
8974,5079711,laticinios-e-ovos,Creme Vegetal de Soja para Barrar,0.225,KG,1.89,8.40,€
8975,7543689,laticinios-e-ovos,Iogurte Natural,0.5,KG,1.21,2.42,€
8976,7712765,laticinios-e-ovos,Iogurte Líquido Pina Colada,0.604,KG,1.41,2.33,€
8977,7609575,laticinios-e-ovos,Iogurte Bifidus Fibra Pedaços Cereais,0.46,KG,2.16,4.70,€
8978,7675183,laticinios-e-ovos,Iogurte Grego Mythos Avelã e Cacau Edição Limitada,0.46,KG,1.59,3.46,€
8979,7624277,laticinios-e-ovos,Creme Vegetal para Barrar Original,0.4,KG,2.88,7.20,€
8980,7475064,laticinios-e-ovos,Iogurte Grego Mythos Morango,1.0,KG,2.34,2.34,€
8981,7449994,laticinios-e-ovos,Iogurte Bifidus Topper Framboesa e Granola,0.166,KG,0.93,5.60,€
8982,6245944,laticinios-e-ovos,Iogurte Bifidus Pêssego sem Lactose,0.48,KG,2.16,4.50,€
8983,6252122,laticinios-e-ovos,Iogurte Aroma Coco sem Lactose,0.48,KG,2.08,4.33,€
8984,7648867,laticinios-e-ovos,Leite Achocolatado sem Lactose,3.0,LT,1.39,2.32,€
8986,6246351,laticinios-e-ovos,Iogurte Bifidus Natural Açucarado sem Lactose,0.48,KG,2.16,4.50,€
8987,7599435,laticinios-e-ovos,Iogurte +Proteína Mirtilo,0.18,KG,0.83,4.61,€
8988,7522382,laticinios-e-ovos,Iogurte Bifidus Magro Natural,0.48,KG,1.87,3.90,€
8989,7621889,laticinios-e-ovos,Creme Vegetal para Barrar Sabor a Manteiga Magro,0.225,KG,1.79,7.96,€
8990,7646823,laticinios-e-ovos,Manteiga Salsa e Alho,20.0,KG,2.44,15.25,€
8992,6892400,laticinios-e-ovos,Iogurte Líquido Proteína Baunilha Bolacha,0.3,KG,1.87,6.23,€
8993,6961609,laticinios-e-ovos,Iogurte Receita Clássica Limão,0.375,KG,2.06,5.49,€
8994,6210262,laticinios-e-ovos,Manteiga com Flor de Sal do Algarve,0.125,KG,1.78,14.24,€
8995,7648578,laticinios-e-ovos,Iogurte Líquido Banana e Morango,1.208,KG,2.68,2.22,€
8997,7646226,laticinios-e-ovos,"Iogurte Bifidus Aveia, Maçã e Canela",0.46,KG,2.16,4.70,€
8999,6961559,laticinios-e-ovos,Iogurte Receita Clássica Baunilha,0.375,KG,2.06,5.49,€
9000,7621343,laticinios-e-ovos,Iogurte Pedaços Magro Ananás sem Lactose,0.5,UN,1.78,0.45,€
9001,6585508,laticinios-e-ovos,Iogurte Cremoso Pedaços Cereja,0.25,KG,1.78,7.12,€
9003,4431697,laticinios-e-ovos,Yofu Soja Natural sem Açúcar,0.5,KG,2.82,5.64,€
9005,7432973,laticinios-e-ovos,Iogurte Grego Mythos Ligeiro Natural,0.5,KG,1.59,3.18,€
9006,4321726,laticinios-e-ovos,Gelatina Pronta Vegetal Morango,0.13,KG,1.08,8.31,€
9007,7610850,laticinios-e-ovos,Iogurte Kefir Morango,0.6,KG,2.54,4.23,€
9008,7646228,laticinios-e-ovos,Iogurte Proteína Morango,0.16,KG,1.21,7.56,€
9009,7554417,laticinios-e-ovos,Mousse de Caramelo,0.24,KG,2.09,8.71,€
9011,2210962,laticinios-e-ovos,Natas para Bater,0.2,LT,0.97,4.85,€
9012,5535227,laticinios-e-ovos,Creme Vegetal de Arroz para Culinária,0.25,LT,1.79,7.16,€
9014,3035597,laticinios-e-ovos,Bebida Vegetal de Soja,3.0,LT,2.06,2.75,€
9015,2857586,laticinios-e-ovos,Creme Vegetal de Aveia para Culinária,0.25,LT,1.84,7.36,€
9016,7621871,laticinios-e-ovos,Creme para Barrar Original,0.225,KG,1.7,7.56,€
9017,2210955,laticinios-e-ovos,Natas Frescas para Bater,0.2,LT,2.3,11.50,€
9018,7442201,laticinios-e-ovos,Creme Vegetal para Barrar com Sal Vioblock,0.25,KG,2.99,11.96,€
9020,7477288,laticinios-e-ovos,Iogurte Grego Natural,0.44,KG,1.79,4.07,€
9021,3833768,laticinios-e-ovos,Natas Frescas para Bater,0.2,LT,1.89,9.45,€
9022,5990838,laticinios-e-ovos,Bebida Vegetal de Arroz Original,3.0,LT,1.68,2.80,€
9024,7182224,laticinios-e-ovos,Iogurte Proteína Mirtilo,0.16,KG,1.21,7.56,€
9025,7714907,laticinios-e-ovos,Iogurte Proteína Caramel Macchiato,0.16,KG,1.21,7.56,€
9026,6903441,laticinios-e-ovos,Ovos de Solo Classe S,6.0,DOZ,1.12,2.24,€
9027,6293469,laticinios-e-ovos,Iogurte Aroma Framboesa,0.125,KG,0.83,6.64,€
9028,2211010,laticinios-e-ovos,Natas para Bater,0.2,LT,0.89,4.45,€
9029,7543676,laticinios-e-ovos,Iogurte Aroma Baunilha,0.5,KG,1.4,2.80,€
9030,7383025,laticinios-e-ovos,"Iogurte Magro Aroma Morango, Coco e Frutos Silvestres",0.96,KG,2.35,2.45,€
9031,7182223,laticinios-e-ovos,Iogurte Proteína Manteiga de Amendoim e Banana,0.16,KG,1.21,7.56,€
9032,7675181,laticinios-e-ovos,Iogurte Grego Mythos Red Velvet Edição Limitada,0.46,KG,1.59,3.46,€
9034,7657730,laticinios-e-ovos,Iogurte Líquido Pêssego,0.906,KG,2.16,3.58,€
9035,3693156,laticinios-e-ovos,Leite Infantil +3A,4.0,LT,1.75,2.19 ,€
9036,7609577,laticinios-e-ovos,Iogurte Bifidus Fibra Frutos Secos,0.46,KG,2.16,4.70,€
9037,7609578,laticinios-e-ovos,Iogurte Bifidus Pedaços Aveia e Noz,0.92,KG,3.76,4.09,€
9039,6518938,laticinios-e-ovos,Iogurte Aroma Banana e Bolacha,0.135,KG,1.54,11.41,€
9041,7647744,laticinios-e-ovos,Iogurte Grego Ligeiro Natural,0.44,KG,1.88,4.27,€
9042,7540853,laticinios-e-ovos,Mousse Proteína Chocolate Negro,0.2,KG,2.39,11.95,€
9043,7482856,laticinios-e-ovos,Vegegurte Coco com Manga e Maracujá,0.24,KG,1.31,5.46,€
9044,5895830,laticinios-e-ovos,Iogurte Natural,0.5,KG,1.97,3.94,€
9046,7621342,laticinios-e-ovos,Iogurte Pedaços Magro Frutos Vermelhos sem Lactose,0.5,UN,1.78,0.45,€
9047,7390241,laticinios-e-ovos,Iogurte Pedaços Morango,0.48,KG,1.49,3.10,€
9048,7169335,laticinios-e-ovos,Iogurte Pedaços Lima e Linhaça,0.5,KG,1.12,2.24,€
9049,7455742,laticinios-e-ovos,Iogurte Proteína Kvarg Pro+ Banana e Caramelo,0.15,KG,0.88,5.87 ,€
9050,7610851,laticinios-e-ovos,Iogurte Kefir Natural,1.2,KG,4.33,3.61,€
9051,7599432,laticinios-e-ovos,Iogurte +Proteína Stracciatella,0.18,KG,0.83,4.61,€
9052,6293457,laticinios-e-ovos,Iogurte Aroma Morango,0.5,KG,2.72,5.44,€
9053,5773661,laticinios-e-ovos,Iogurte Magro Natural,0.72,KG,2.15,2.99,€
9054,7182219,laticinios-e-ovos,Iogurte Proteína Baunilha,0.16,KG,1.21,7.56,€
9055,7443184,laticinios-e-ovos,Mousse Proteína Chocolate,0.2,KG,1.99,9.95,€
9056,7049788,laticinios-e-ovos,Gelatina Pronta Tangerina sem Açúcar,0.4,KG,2.14,5.35,€
9059,6119254,laticinios-e-ovos,Natas UHT para Bater sem Lactose,0.2,LT,1.45,7.25,€
9060,7673439,laticinios-e-ovos,Queijo Feta DOP,0.15,KG,3.0,20.00,€
9061,5752439,laticinios-e-ovos,Iogurte Natural,0.75,KG,3.38,4.51,€
9062,7724071,laticinios-e-ovos,Gelatina Pronta Melancia,0.36,KG,1.99,5.53,€
9063,7591769,laticinios-e-ovos,Iogurte Líquido Pinacolada,0.3,KG,1.87,6.23,€
9064,5895832,laticinios-e-ovos,Iogurte Kefir Natural,0.5,KG,1.83,3.66,€
9065,7677652,laticinios-e-ovos,Iogurte Líquido Magro Morango e Framboesa,1.208,KG,2.88,2.38,€
9066,7554197,laticinios-e-ovos,Mousse Crocante de Chocolate,0.228,KG,2.09,9.17,€
9067,2670385,laticinios-e-ovos,Creme Vegetal de Soja para Barrar,0.25,KG,1.79,7.16,€
9068,7536721,laticinios-e-ovos,Yofu Coco e Stracciatella,0.12,KG,1.45,12.08,€
9069,7477289,laticinios-e-ovos,Iogurte Grego Chocolate,0.44,KG,1.79,4.07,€
9070,4202044,laticinios-e-ovos,Iogurte Aroma Morango,0.48,KG,1.21,2.52,€
9071,7368599,laticinios-e-ovos,Pudim Proteína Chocolate,0.2,KG,1.89,9.45,€
9072,6523170,laticinios-e-ovos,Iogurte Cremoso Manga,0.135,KG,1.54,11.41,€
9073,2833163,laticinios-e-ovos,Creme Vegetal de Soja para Barrar,0.5,KG,3.89,7.78,€
9074,7443180,laticinios-e-ovos,Mousse Proteína Baunilha,0.2,KG,1.99,9.95,€
9075,7406016,laticinios-e-ovos,Iogurte Aroma Morango sem Lactose,0.48,KG,1.78,3.71,€
9076,5465212,laticinios-e-ovos,Cesto com 3 Queijos,0.27,KG,3.15,11.67,€
9077,5084711,laticinios-e-ovos,Gelatina Pronta Morango,0.4,KG,0.99,2.48,€
9078,7071802,laticinios-e-ovos,Gelatina Pronta Amora sem Açúcar,0.4,KG,2.14,5.35,€
9079,7487924,laticinios-e-ovos,Iogurte Duplomix Choco Cereais Infantil,0.128,KG,0.55,4.30,€
9080,7679316,laticinios-e-ovos,Leite Achocolatado,6.0,LT,1.85,1.54,€
9082,7461471,laticinios-e-ovos,Iogurte Bifidus Pedaços Magro Kiwi,0.48,KG,1.78,3.71,€
9083,6015260,laticinios-e-ovos,Iogurte Magro e Gelatina Morango,0.48,KG,1.69,3.52,€
9085,4951933,laticinios-e-ovos,Iogurte Líquido Defesa Morango,0.6,KG,2.63,4.38,€
9086,7187972,laticinios-e-ovos,Iogurte Grego Natural,0.45,KG,2.06,4.58,€
9087,7607653,laticinios-e-ovos,Iogurte Aroma Banana com Drageias Super Mário Infantil,0.22,KG,1.78,8.09,€
9088,7599434,laticinios-e-ovos,Iogurte +Proteína Baunilha,0.18,KG,0.83,4.61,€
9089,5177901,laticinios-e-ovos,Gelatina Pronta Vegetal Pêssego,0.13,KG,1.16,8.92,€
9090,7443798,laticinios-e-ovos,Iogurte Mix-In Kit Kat Infantil,0.46,KG,3.66,7.96,€
9091,7522371,laticinios-e-ovos,Iogurte Bifidus Topper Cereais Muesli e Arando,0.17,KG,1.49,8.76,€
9092,7384588,laticinios-e-ovos,Iogurte Proteína Coco,0.16,KG,1.21,7.56,€
9093,6523157,laticinios-e-ovos,Iogurte Cremoso Mirtilo,0.135,KG,1.54,11.41,€
9094,6593033,laticinios-e-ovos,Iogurte Kefir Morango,0.5,KG,2.25,4.50,€
9095,4921156,laticinios-e-ovos,Natas Frescas,0.2,LT,1.39,6.95,€
9096,7473539,laticinios-e-ovos,Iogurte Pedaços Magro Natur Pêssego e Maracujá,0.46,KG,1.87,4.07,€
9097,5895828,laticinios-e-ovos,Iogurte Aroma Mirtilo,0.4,KG,2.25,5.63,€
9098,7712757,laticinios-e-ovos,Iogurte Líquido Morango e Banana Infantil,0.8,KG,2.63,3.29,€
9101,7390250,laticinios-e-ovos,Iogurte Pedaços Frutos Tropicais,0.48,KG,1.49,3.10,€
9102,6387319,laticinios-e-ovos,Creme Vegetal para Barrar,0.5,KG,1.35,2.70,€
9103,7630688,laticinios-e-ovos,Leite UHT Meio Gordo Cálcio,3.0,LT,0.99,1.65,€
9104,7657408,laticinios-e-ovos,Iogurte Líquido Magro Morango e Kiwi,0.906,KG,2.53,2.79,€
9105,5731402,laticinios-e-ovos,Queijinho Squeezy Morango e Banana Infantil,0.32,KG,2.25,7.03,€
9106,5783832,laticinios-e-ovos,"Iogurte Aroma Framboesa, Limão, Banana e Coco",1.0,KG,1.5,1.50,€
9107,7100167,laticinios-e-ovos,Yofu Soja Morango Estilo Skyr,0.4,KG,2.82,7.05,€
9108,7497384,laticinios-e-ovos,Iogurte Cremoso Morango,0.25,KG,1.03,4.12,€
9109,7622417,laticinios-e-ovos,Yofu Soja Manga sem Açúcar,0.135,KG,1.16,8.59,€
9110,7707343,laticinios-e-ovos,"Iogurte Polpa Banana, Laranja e Bolacha Infantil",0.48,KG,1.59,3.31,€
9111,7655199,laticinios-e-ovos,Iogurte Líquido Ananás,0.906,KG,2.16,2.38,€
9112,4804709,laticinios-e-ovos,Bebida Vegetal de Soja Frutos Vermelhos,3.0,LT,2.06,2.75,€
9113,7554199,laticinios-e-ovos,Mousse Chocolate Negro,0.24,KG,2.09,8.71,€
9114,7365963,laticinios-e-ovos,Yofu Coco e Ananás,0.12,KG,1.45,12.08,€
9115,6437989,laticinios-e-ovos,Bebida Vegetal de Aveia,3.0,LT,1.12,1.87,€
9116,6903972,laticinios-e-ovos,Sobremesa Soja Chocolate,0.4,KG,1.69,4.23,€
9118,3036089,laticinios-e-ovos,Leite Achocolatado Light,4.0,LT,2.19,2.74,€
9119,6446738,laticinios-e-ovos,Iogurte Mix-In Morango Kit Kat Infantil,0.23,KG,1.88,8.17,€
9121,7554196,laticinios-e-ovos,Pudim Flan,0.4,KG,2.29,5.72,€
9122,7093716,laticinios-e-ovos,Iogurte Líquido Proteína Café,0.3,KG,1.87,6.23,€
9123,7497381,laticinios-e-ovos,Iogurte Cremoso Amora,0.25,KG,1.03,4.12,€
9124,7636307,laticinios-e-ovos,Iogurte Skyr Natural,0.4,KG,1.59,3.98,€
9125,7104809,laticinios-e-ovos,Iogurte Líquido Proteína Kvarg Pro+ Framboesa e Baunilha,0.33,KG,1.6,4.85,€
9126,5477214,laticinios-e-ovos,Iogurte Natural,0.75,KG,4.14,5.52,€
9127,4933903,laticinios-e-ovos,Ovos de Codorniz,12.0,DOZ,1.35,1.35,€
9128,7383026,laticinios-e-ovos,Iogurte Magro Aroma Morango e Ananás,0.96,KG,2.35,2.45,€
9129,7443797,laticinios-e-ovos,Iogurte Mix-In com Smarties Infantil,0.48,KG,3.66,7.63,€
9130,7622315,laticinios-e-ovos,Yofu Soja Frutos Vermelhos sem Açúcar,0.135,KG,1.16,8.59,€
9132,7707322,laticinios-e-ovos,Iogurte Pouch Morango e Banana Infantil,0.28,KG,2.01,7.18,€
9133,7071740,laticinios-e-ovos,Gelatina Pronta Morango sem Açúcar,0.4,KG,2.14,5.35,€
9135,7376269,laticinios-e-ovos,Gelatina Morango Gelli Pocket Saqueta,0.085,KG,0.85,10.00,€
9136,6758818,laticinios-e-ovos,Natilhas Bolacha Maria,4.0,KG,1.39,2.78,€
9137,7424578,laticinios-e-ovos,Iogurte Magro Natural sem Lactose,0.5,KG,1.21,2.42,€
9139,7127129,laticinios-e-ovos,Iogurte Grego Natural Açucarado sem Lactose,0.24,KG,1.5,6.25,€
9141,7029317,laticinios-e-ovos,Ovos de Solo Classe M/L,6.0,DOZ,2.02,4.04,€
9142,5536817,laticinios-e-ovos,Clara de Ovo Líquida Pasteurizada,0.32,LT,1.15,3.29,€
9143,7071950,laticinios-e-ovos,Creme Catalana,0.206,KG,2.19,10.63,€
9145,2210949,laticinios-e-ovos,Chantilly,0.25,LT,2.99,11.96,€
9146,7702584,laticinios-e-ovos,Iogurte Líquido Magro Manga e Ananás,1.208,KG,2.88,2.38,€
9147,7540911,laticinios-e-ovos,Mousse Proteína Caramelo Salgado e Chocolate,0.2,KG,2.39,11.95,€
9148,6554644,laticinios-e-ovos,Iogurte Cremoso Pedaços Framboesa,0.25,KG,1.78,7.12,€
9149,7187967,laticinios-e-ovos,Iogurte Grego Coco,0.44,KG,2.35,5.34,€
9151,7535203,laticinios-e-ovos,Iogurte Kefir Natural,0.48,KG,0.93,1.94,€
9152,7655203,laticinios-e-ovos,Iogurte Líquido Cremoso Magro Morango e Melancia,0.604,KG,1.77,2.93,€
9153,7432991,laticinios-e-ovos,Iogurte Líquido Frutos Exóticos sem Açúcar,0.64,KG,1.87,2.92,€
9154,5752446,laticinios-e-ovos,Iogurte Pedaços Romã,0.15,KG,1.65,11.00,€
9156,6892594,laticinios-e-ovos,Iogurte Líquido Proteína Morango e Framboesa,0.3,KG,1.87,6.23,€
9157,7677393,laticinios-e-ovos,Iogurte Líquido Cremoso Magro Morango,0.604,KG,1.77,2.93,€
9158,7104853,laticinios-e-ovos,Iogurte Líquido Proteína Kvarg Pro+ Frutos Tropicais,0.33,KG,1.6,4.85,€
9159,7449993,laticinios-e-ovos,"Iogurte Bifidus Topper Maçã, Granola e Canela",0.166,KG,0.93,5.60,€
9160,7677264,laticinios-e-ovos,Iogurte Líquido Cremoso Frutos Tropicais e Guaraná,0.604,KG,1.69,2.80,€
9161,7432972,laticinios-e-ovos,Iogurte Grego Mythos Ligeiro Morango,0.46,KG,1.59,3.18,€
9162,6275776,laticinios-e-ovos,Iogurte Skyr Natural,0.15,KG,0.65,4.33,€
9164,5958774,laticinios-e-ovos,Iogurte Aroma Baunilha,0.15,KG,0.83,5.53,€
9165,5458646,laticinios-e-ovos,Creme Vegetal de Soja para Culinária,0.2,LT,1.39,6.95,€
9169,7473538,laticinios-e-ovos,Iogurte Pedaços Magro Natur Coco,0.46,KG,1.87,4.07,€
9170,3036182,laticinios-e-ovos,Leite Infantil 1-3A,4.0,LT,1.75,2.19,€
9172,7533911,laticinios-e-ovos,Liégeois Chocolate,0.4,KG,1.19,2.98,€
9174,6801816,laticinios-e-ovos,"Iogurte Magro Aroma Morango, Kiwi e Manga",0.72,KG,1.87,3.90,€
9175,7621888,laticinios-e-ovos,Creme Vegetal para Barrar Magro,0.225,KG,2.99,13.29,€
9177,7448007,laticinios-e-ovos,Pudim Proteico Caramelo,0.18,KG,1.99,11.06,€
9178,3073598,laticinios-e-ovos,Iogurte Líquido Reduz Colesterol Natural,0.6,KG,2.82,4.70,€
9179,5904976,laticinios-e-ovos,Iogurte Cremoso Natural Açúcarado,0.25,KG,1.78,7.12,€
9180,7420243,laticinios-e-ovos,Iogurte Líquido Ananás e Coco,0.64,KG,1.88,2.94,€
9181,7554198,laticinios-e-ovos,Mousse Crocante Baunilha,0.228,KG,2.09,9.17,€
9182,5611273,laticinios-e-ovos,Bebida Vegetal de Soja Baunilha,3.0,LT,1.68,2.80 ,€
9183,4678922,laticinios-e-ovos,Leite Aromatizado com Cereais,4.0,LT,1.69,2.11,€
9184,7207968,laticinios-e-ovos,Iogurte Líquido Active Defense Ananás e Coco,0.6,KG,1.31,2.18,€
9189,7497387,laticinios-e-ovos,Iogurte Cremoso Natural Açúcarado,0.25,KG,0.93,3.72,€
9190,7657114,laticinios-e-ovos,Iogurte Líquido Cremoso Magro Laranja e Limão,0.604,KG,1.77,2.93,€
9191,6885526,laticinios-e-ovos,Creme Vegetal para Barrar sabor a Manteiga,0.25,KG,1.09,4.36,€
9192,5477246,laticinios-e-ovos,Iogurte Pedaços Frutos do Bosque,0.15,KG,1.65,11.00,€
9193,7477292,laticinios-e-ovos,Iogurte Grego Framboesa e Romã,0.44,KG,1.79,4.07,€
9194,2428897,laticinios-e-ovos,Chantilly,0.25,LT,3.29,13.16,€
9197,2885409,laticinios-e-ovos,Manteiga com Cristais de Sal Marinho,0.125,KG,1.68,13.44,€
9198,7628072,laticinios-e-ovos,Pudim Proteína Caramelo Salgado,0.2,KG,1.49,7.45,€
9199,7712764,laticinios-e-ovos,Iogurte Líquido Morango,0.604,KG,1.41,2.33,€
9200,5214514,laticinios-e-ovos,Bebida Vegetal de Soja Natural,3.0,LT,0.93,1.55,€
9204,5476888,laticinios-e-ovos,Yofu Soja Natural com Amêndoa,0.5,KG,2.82,5.64,€
9205,6637611,laticinios-e-ovos,Manteiga com Sal,20.0,KG,2.3,14.38,€
9206,7115209,laticinios-e-ovos,Iogurte Proteína Kvarg Pro+ Morango e Lima,0.15,KG,0.88,5.87,€
9207,7477272,laticinios-e-ovos,Iogurte Grego Doce de Leite,0.44,KG,1.79,4.07,€
9208,7132683,laticinios-e-ovos,Iogurte Proteína Kvarg Chocolate Branco,0.15,KG,0.88,5.87,€
9209,7304976,laticinios-e-ovos,Iogurte M&M Infantil,0.12,KG,1.26,10.50,€
9210,2262282,laticinios-e-ovos,Manteiga com Sal,0.125,KG,1.4,11.20,€
9211,6783983,laticinios-e-ovos,Iogurte Grego Magro Natural,0.44,KG,2.35,5.34,€
9212,6287709,laticinios-e-ovos,Iogurte Grego Natural,0.5,KG,3.0,6.00,€
9213,5895823,laticinios-e-ovos,Iogurte Natural,0.125,KG,1.14,9.12,€
9214,6453846,laticinios-e-ovos,Bebida Vegetal de Amêndoa e Chocolate,3.0,LT,3.66,6.10,€
9215,6903971,laticinios-e-ovos,Vegegurte Soja Natural,0.4,KG,1.12,2.80,€
9216,5895827,laticinios-e-ovos,Iogurte Aroma Manga e Baunilha,0.4,KG,2.25,5.63,€
9217,5929717,laticinios-e-ovos,Bebida Vegetal de Amêndoa,0.25,LT,0.74,2.96,€
9218,4268379,laticinios-e-ovos,Iogurte Bebé Frutas Variadas +6 Meses,0.4,KG,3.15,7.88,€
9219,7211456,laticinios-e-ovos,Iogurte Líquido Chocolate,0.25,KG,1.12,4.48,€
9220,7415120,laticinios-e-ovos,Creme para Barrar Original,0.225,KG,3.89,17.29,€
9221,7624288,laticinios-e-ovos,Creme Vegetal para Barrar Original,0.225,KG,2.89,12.84,€
9222,7745719,laticinios-e-ovos,Mousse Duo Chocolate Leite e Chocolate Branco,0.236,KG,2.09,8.86,€
9223,7575895,laticinios-e-ovos,Iogurte Pedaços Mirtilo,0.15,KG,1.65,11.00,€
9224,6579755,laticinios-e-ovos,Natilhas de Baunilha,0.5,KG,1.09,2.18,€
9225,7390260,laticinios-e-ovos,Iogurte Pedaços Cereais e Avelã,0.48,KG,1.49,3.10,€
9228,4458098,laticinios-e-ovos,"Iogurte Bebé Banana, Laranja e Bolacha +6 Meses",0.4,KG,2.44,6.10,€
9229,6011509,laticinios-e-ovos,Leite UHT Meio Gordo sem Lactose,3.0,LT,1.92,3.20,€
9231,7104854,laticinios-e-ovos,Iogurte Líquido Proteína Kvarg Pro+ Banana e Noz,0.33,KG,1.6,4.85,€
9232,6493110,laticinios-e-ovos,Iogurte Proteína Kvarg Framboesa,0.15,KG,0.88,5.87,€
9234,7682241,laticinios-e-ovos,"Iogurte Magro Aroma Coco, Manga e Pêssego",0.96,KG,2.34,2.44,€
9236,7382953,laticinios-e-ovos,Queijo de Mistura Amanteigado,0.45,KG,6.01,13.36,€
9237,5895826,laticinios-e-ovos,Iogurte Aroma Baunilha,0.4,KG,2.25,5.63,€
9238,5726251,laticinios-e-ovos,Iogurte Líquido Natural Açucarado sem Lactose,0.68,KG,2.78,4.09,€
9239,6141950,laticinios-e-ovos,Iogurte Líquido Cremoso Frutos Silvestres,0.64,KG,1.88,2.94,€
9240,7677260,laticinios-e-ovos,Iogurte Líquido Cremoso Banana e Morango,0.604,KG,1.69,2.80,€
9241,5895829,laticinios-e-ovos,Iogurte Aroma Framboesa e Sabugueiro,0.4,KG,2.25,5.63,€
9243,5584278,laticinios-e-ovos,Iogurte Cremoso Pedaços Morango,0.25,KG,1.78,7.12,€
9244,7405491,laticinios-e-ovos,Iogurte Milkybar Infantil,0.24,KG,1.88,7.83,€
9245,4321699,laticinios-e-ovos,Gelatina Pronta Vegetal Coco,0.13,KG,1.08,8.31,€
9246,7207967,laticinios-e-ovos,Iogurte Líquido Active Defense Frutos do Bosque,0.6,KG,1.31,€2.18, 
9248,3864643,laticinios-e-ovos,Leite UHT Meio Gordo,0.25,LT,0.92,3.68,€
9249,7071760,laticinios-e-ovos,Gelatina Pronta Ananás sem Açúcar,0.4,KG,2.14,5.35,€
9250,7531136,laticinios-e-ovos,Iogurte Líquido Proteína Kvarg Pro+ Stracciatella,0.33,KG,1.6,4.85,€
9251,7298459,laticinios-e-ovos,Iogurte Polpa Manga sem Lactose,0.48,KG,2.48,5.17,€
9252,7543687,laticinios-e-ovos,Iogurte Aroma Frutos Vermelhos,0.5,KG,1.4,2.80,€
9253,7166155,laticinios-e-ovos,Iogurte Líquido Proteína Caramelo,0.3,KG,1.87,6.23,€
9254,7648580,laticinios-e-ovos,Iogurte Líquido Frutos Vermelhos,1.208,KG,2.68,2.22,€
9255,7432990,laticinios-e-ovos,Iogurte Líquido Morango sem Açúcar,0.64,KG,1.87,2.92,€
9256,5458919,laticinios-e-ovos,Bebida Vegetal de Soja Chocolate,3.0,LT,1.68,2.80,€
9257,7477269,laticinios-e-ovos,Iogurte Grego Stracciatella,0.44,KG,1.79,4.07,€
9258,7405394,laticinios-e-ovos,Iogurte Líquido Proteína Kvarg Pro+ Morango,0.33,KG,1.6,4.85,€
9259,5895631,laticinios-e-ovos,Iogurte Natural,0.15,KG,0.65,4.33,€
9262,6961561,laticinios-e-ovos,Iogurte Receita Clássica Morango,0.375,KG,2.06,5.49,€
9263,7442646,laticinios-e-ovos,Gelatina Pronta Morango Light,0.6,KG,1.78,2.97,€
9264,7376267,laticinios-e-ovos,Iogurte Grego Natural,0.5,KG,1.95,3.90,€
9265,7554205,laticinios-e-ovos,Mousse de Chocolate de Leite,0.24,KG,2.09,8.71,€
9267,5018747,laticinios-e-ovos,Banha de Porco,0.45,KG,1.69,3.76,€
9269,6642404,laticinios-e-ovos,Leite Creme com Bolacha,0.5,KG,2.07,2.07,€
9270,7477291,laticinios-e-ovos,Iogurte Grego Morango,0.44,KG,1.79,4.07,€
9271,7618694,laticinios-e-ovos,Iogurte Líquido Proteína Kvarg Pro+ Caramelo,0.33,KG,1.6,4.85,€
9272,6979726,laticinios-e-ovos,Iogurte Bifidus Eleva Pêssego e Cenoura sem Lactose,0.46,KG,2.82,6.13,€
9274,7458249,laticinios-e-ovos,Iogurte Bifidus Eleva Kiwi sem Lactose,0.46,KG,1.88,4.09,€
9275,7554418,laticinios-e-ovos,Delícia de Bolacha,0.25,KG,2.09,8.36,€
9277,5487360,laticinios-e-ovos,Iogurte Pedaços Magro Muesli e Cereais,0.48,KG,2.15,4.48,€
9278,7589057,laticinios-e-ovos,Pudim Proteico Chocolate,0.18,KG,1.99,11.06,€
9279,6400194,laticinios-e-ovos,Natas para Bater,0.5,LT,2.7,5.40,€
9280,7684008,laticinios-e-ovos,Iogurte Líquido Cremoso Morango,0.604,KG,1.69,2.80,€
9281,7554419,laticinios-e-ovos,Delícia de Chocolate,0.25,KG,2.09,8.36,€
9283,7100168,laticinios-e-ovos,Yofu Soja Natural Estilo Skyr,0.4,KG,2.82,7.05,€
9285,7181939,laticinios-e-ovos,Iogurte Kefir Natural,0.6,KG,2.54,4.23,€
9287,7484289,laticinios-e-ovos,Queijo de Ovelha Amanteigado de Seia,0.5,KG,9.42,18.84,€
9288,5895825,laticinios-e-ovos,Iogurte Aroma Stracciatella,0.4,KG,2.25,5.63,€
9289,7677642,laticinios-e-ovos,Iogurte Líquido Bifidus Eleva Manga e Cenoura sem Lactose,0.604,KG,1.97,3.26,€
9291,4026419,laticinios-e-ovos,Iogurte Pedaços Framboesa,0.15,KG,1.65,11.00,€
9292,4957861,laticinios-e-ovos,Manteiga Alho e Ervas,0.125,KG,1.68,13.44,€
9293,7407969,laticinios-e-ovos,Gelatina Pronta Frutos Vermelhos +Proteína,0.4,KG,1.19,2.98,€
9296,2297940,laticinios-e-ovos,Queijinho Morango Suissinho Infantil,0.252,KG,1.78,7.06,€
9298,3759015,laticinios-e-ovos,Queijinho Squeezy Morango,0.32,KG,2.25,7.03,€
9299,6287714,laticinios-e-ovos,Iogurte Natural com Stevia,0.5,KG,2.58,5.16,€
9301,7626371,laticinios-e-ovos,Vegegurte Aveia e Baunilha Bourbon,0.15,KG,1.35,9.00,€
9302,5018742,laticinios-e-ovos,Banha de Porco,0.23,KG,0.89,3.87,€
9303,7376264,laticinios-e-ovos,Pudim Flan Chocolate,6.0,KG,2.33,3.88,€
9304,6783986,laticinios-e-ovos,Iogurte Grego Magro Morango,0.44,KG,2.35,5.34,€
9307,7403433,laticinios-e-ovos,Ovos de Solo Classe M,12.0,DOZ,3.34,3.34,€
9309,5895822,laticinios-e-ovos,Iogurte Natural,0.15,KG,0.62,4.13,€
9310,6579764,laticinios-e-ovos,Natilhas Chocolate,0.5,KG,1.49,2.98,€
9311,6661374,laticinios-e-ovos,Leite Proteína Cacau sem Lactose,3.0,LT,2.99,3.99,€
9312,2404515,laticinios-e-ovos,Iogurte Pedaços Morango,0.15,KG,1.65,11.00,€
9313,5693602,laticinios-e-ovos,Yofu Framboesa e Maracujá,0.44,KG,3.05,7.63,€
9314,7382355,laticinios-e-ovos,Iogurte Kefir Mirtilo,0.5,KG,3.1,6.20,€
9315,7222460,laticinios-e-ovos,Manteiga sem Sal,0.125,KG,2.82,22.56,€
9316,5007299,laticinios-e-ovos,Iogurte Pedaços Mirtilo e Muesli,0.16,KG,1.65,10.31,€
9317,7646794,laticinios-e-ovos,Iogurte Kefir Natural,0.15,KG,1.21,8.07,€
9318,7637161,laticinios-e-ovos,Iogurte Bifidus Natural,0.7,KG,3.16,4.51,€
9319,7375139,laticinios-e-ovos,Iogurte Líquido Morango e Banana Infantil,0.6,KG,2.63,4.38,€
9320,7539358,laticinios-e-ovos,Bebida Vegetal de Avelã e Cacau,3.0,LT,1.35,2.25,€
9321,6616638,laticinios-e-ovos,Creme Chocolate,0.1,KG,2.19,21.90,€
9323,7655207,laticinios-e-ovos,Iogurte Líquido Magro Kiwi sem Lactose,0.604,KG,2.16,3.58,€
9325,7376268,laticinios-e-ovos,Pudim Flan Café,0.4,KG,2.62,6.55,€
9326,5477615,laticinios-e-ovos,Iogurte Aroma Baunilha,0.15,KG,1.4,9.33,€
9327,7628063,laticinios-e-ovos,Pudim Proteína Avelã,0.2,KG,1.49,7.45,€
9328,7519793,laticinios-e-ovos,Iogurte Proteína Quark Stracciatella,0.28,KG,1.4,5.00,€
9329,5726135,laticinios-e-ovos,Iogurte Natural Açucarado sem Lactose,0.48,KG,2.08,4.33,€
9330,7443385,laticinios-e-ovos,Gelatina Pronta 4 Sabores Gelli Light,0.4,KG,1.28,3.20,€
9331,7722345,laticinios-e-ovos,Iogurte Banana e Morango Infantil,0.5,UN,1.49,1.49,€
9332,4201992,laticinios-e-ovos,Iogurte Natural,0.48,KG,1.5,3.13,€
9333,7621372,laticinios-e-ovos,Iogurte Proteína Kvarg Pro+ Amendoim,0.15,KG,0.88,5.87,€
9334,7624324,laticinios-e-ovos,Iogurte Grego Morango,0.44,KG,2.35,5.34,€
9335,3036079,laticinios-e-ovos,Leite UHT Meio Gordo Cálcio,4.0,LT,1.99,2.49,€
9336,7083226,laticinios-e-ovos,Gelatina Pronta Maracujá,0.4,KG,1.94,4.85,€
9339,7375991,laticinios-e-ovos,Iogurte Grego Magro Natural,1.0,KG,4.42,4.42,€
9345,6879635,laticinios-e-ovos,Bebida Vegetal de Aveia,3.0,LT,2.44,4.07,€
9346,7295696,laticinios-e-ovos,Ovos Cozidos,4.0,UN,1.29,1.29,€
9347,6882461,laticinios-e-ovos,Iogurte Grego Natural,1.0,KG,4.42,4.42,€
9348,5487392,laticinios-e-ovos,Iogurte Magro Aroma Tutti Frutti e Coco,0.72,KG,2.15,2.99,€
9349,5891642,laticinios-e-ovos,Iogurte Cremoso Pedaços Maçã e Canela,0.25,KG,1.78,7.12,€
9350,6403707,laticinios-e-ovos,Clara de Ovo 100% Líquida,0.5,KG,2.99,5.98,€
9351,6801815,laticinios-e-ovos,Iogurte Magro Aroma Morango e Coco,0.72,KG,1.87,2.60,€
9352,7316051,laticinios-e-ovos,Pudim Flan Rico em Proteínas,0.32,KG,2.52,7.88,€
9353,7487928,laticinios-e-ovos,Iogurte Líquido Morango,0.72,KG,2.16,3.00,€
9354,5191395,laticinios-e-ovos,Yofu Bifidus Natural,0.6,KG,3.57,5.95,€
9355,7677792,laticinios-e-ovos,Iogurte Líquido Mirtilo e Chá Verde sem Lactose,0.604,KG,2.16,3.58,€
9356,7266908,laticinios-e-ovos,Leite Kefir de Frutos Vermelhos,4.0,LT,2.32,2.90,€
9357,7414703,laticinios-e-ovos,Gelatina Pronta Vegetal Gelli Sweet Exótica,0.4,KG,1.33,3.33,€
9358,5177903,laticinios-e-ovos,Gelatina Pronta Vegetal Morango,0.13,KG,1.16,8.92,€
9359,6618243,laticinios-e-ovos,Iogurte Natural,0.5,KG,2.91,5.82,€
9360,7726933,laticinios-e-ovos,Creme para Barrar Planteiga com Sal,0.2,KG,1.99,9.95,€
9363,7735378,laticinios-e-ovos,Yofu Soja Mirtilo,0.5,KG,2.82,5.64,€
9364,7477271,laticinios-e-ovos,Iogurte Grego Caramelo,0.44,KG,1.79,4.07,€
9366,7628065,laticinios-e-ovos,Pudim Proteína Baunilha,0.2,KG,1.49,7.45,€
9367,6524339,laticinios-e-ovos,Iogurte Grego Natural,0.135,KG,1.54,11.41,€
9368,6618252,laticinios-e-ovos,Iogurte Aroma Banana,0.5,KG,3.38,6.76,€
9369,6873774,laticinios-e-ovos,Iogurte Proteína Kvarg Coco,0.15,KG,0.88,5.87,€
9371,5192133,laticinios-e-ovos,Yofu Pedaços Frutos Silvestres,0.4,KG,3.05,7.63,€
9372,7410592,laticinios-e-ovos,Caramel Macchiato Go Chill,0.23,LT,1.89,8.22,€
9373,7445893,laticinios-e-ovos,Leite Proteína Morango sem Lactose,3.0,LT,2.99,3.99,€
9375,7083224,laticinios-e-ovos,Gelatina Pronta Morango,0.4,KG,1.94,4.85,€
9376,2404499,laticinios-e-ovos,Iogurte Natural,0.15,KG,1.01,6.73,€
9378,7538014,laticinios-e-ovos,Manteiga sem Lactose,0.125,KG,2.72,21.76 ,€
9380,5895797,laticinios-e-ovos,Iogurte Natural sem Lactose,0.15,KG,0.93,6.20,€
9381,7626373,laticinios-e-ovos,"Vegegurte Aveia, Manga e Maracujá",0.15,KG,1.35,9.00,€
9382,7483272,laticinios-e-ovos,Creme Vegetal de Amêndoa e Coco para Bater,0.2,UN,1.89,1.89,€
9383,7735381,laticinios-e-ovos,Yofu Soja Exótico,0.4,KG,2.82,7.05,€
9384,5687631,laticinios-e-ovos,Leite Achocolatado sem Lactose,6.0,LT,6.69,4.46,€
9386,4321679,laticinios-e-ovos,Gelatina Pronta Vegetal Ananás,0.13,KG,1.08,8.31,€
9388,7487929,laticinios-e-ovos,Iogurte Líquido Baunilha,0.72,KG,2.16,3.00,€
9389,7390680,laticinios-e-ovos,Iogurte Kefir Leite de Cabra,0.5,KG,3.1,6.20,€
9391,7722343,laticinios-e-ovos,"Iogurte Banana, Laranja e Bolacha Infantil",0.5,UN,1.49,1.49,€
9392,7482869,laticinios-e-ovos,Vegegurte Amêndoa com Pêssego e Maracujá,0.24,KG,1.4,5.83,€
9393,7745728,laticinios-e-ovos,Iogurte Líquido Banana sem Lactose,0.64,KG,2.16,3.38,€
9395,6252300,laticinios-e-ovos,Iogurte Líquido Frutos Vermelhos sem Lactose,0.68,KG,2.78,4.09,€
9397,7159229,laticinios-e-ovos,Leite Achocolatado Chocopower,3.0,LT,1.67,2.78,€
9398,6692314,laticinios-e-ovos,Gelatina Pronta Vegetal Maracujá,0.13,KG,1.16,8.92,€
9399,6709834,laticinios-e-ovos,Leite Achocolatado,18.0,LT,13.9,3.09,€
9400,6554637,laticinios-e-ovos,Puré Maçã Frutos vermelhos,4.0,KG,2.89,7.23,€
9402,6510199,laticinios-e-ovos,Béchamel,0.5,LT,2.96,5.92,€
9403,7677413,laticinios-e-ovos,Iogurte Líquido Bifidus Eleva Mirtilo e Goji sem Lactose,0.604,KG,1.97,3.26,€
9404,7677654,laticinios-e-ovos,Iogurte Líquido Bifidus Eleva Kiwi e Morango sem Lactose,0.604,KG,1.97,3.26,€
9405,6979737,laticinios-e-ovos,Iogurte Bifidus Framboesa e Amêndoa Eleva sem Lactose,0.46,KG,1.88,4.09,€
9406,4914421,laticinios-e-ovos,Iogurte Bebé Natural +6 Meses,0.4,KG,2.44,6.10,€
9407,6523177,laticinios-e-ovos,Iogurte Cremoso Coco e Ananás,0.135,KG,1.54,11.41,€
9408,5756652,laticinios-e-ovos,Iogurte Pedaços Magro Amora e Framboesa,0.48,KG,2.15,4.48,€
9409,7631306,laticinios-e-ovos,Iogurte Vegetal Crema Catalana,0.135,KG,1.5,11.11,€
9410,7187905,laticinios-e-ovos,Iogurte Grego Stracciatella,0.44,KG,2.35,5.34,€
9411,6252387,laticinios-e-ovos,Clara de Ovo Proteína Baunilha,0.32,LT,1.84,5.75,€
9413,4921424,laticinios-e-ovos,Creme Vegetal de Soja para Bater,0.25,LT,1.99,€7.96, 
9415,7745731,laticinios-e-ovos,Iogurte aroma Morango e Tutti Frutti sem Lactose,0.48,KG,1.87,3.90,€
9416,7478424,laticinios-e-ovos,Yofu Grego Natural,0.5,KG,3.38,6.76,€
9417,7519792,laticinios-e-ovos,Iogurte Proteína Quark Morango e Framboesa,0.28,KG,1.4,5.00,€
9418,7652960,laticinios-e-ovos,Leite Proteína sem Lactose,1.0,LT,2.49,2.49,€
9419,7626370,laticinios-e-ovos,Vegegurte Aveia,0.15,KG,1.31,8.73,€
9420,5582607,laticinios-e-ovos,Latte Cappuccino,0.22,LT,2.09,9.50,€
9421,5752442,laticinios-e-ovos,Iogurte Magro Natural,0.75,KG,3.38,4.51,€
9423,5332629,laticinios-e-ovos,Latte Caramelo Macchiato,0.22,LT,2.09,9.50,€
9424,7482867,laticinios-e-ovos,Vegegurte Amêndoa Natural,0.24,KG,1.4,5.83,€
9426,7478423,laticinios-e-ovos,Yofu Bifidus Muesli,0.25,KG,2.01,8.04,€
9427,7595234,laticinios-e-ovos,Leite Proteína Café sem Lactose,3.0,LT,2.99,3.99,€
9429,6891582,laticinios-e-ovos,Caffè Latte Go Chill,0.23,LT,1.89,8.22,€
9430,7651186,laticinios-e-ovos,Mousse Caramelo Salgado,0.12,KG,3.29,27.42,€
9432,5442641,laticinios-e-ovos,Leite Meio Gordo Infantil sem Lactose + 3 Anos,4.0,LT,2.19,2.74,€
9433,7506224,laticinios-e-ovos,Iogurte +Proteína Pouch Baunilha,0.4,KG,2.06,5.15,€
9434,7482855,laticinios-e-ovos,Vegegurte Coco Natural,0.24,KG,1.31,5.46,€
9435,7449973,laticinios-e-ovos,"Smoothie Banana, Cenoura, Ananás e Curcuma",0.28,UN,0.93,3.32,€
9437,6637068,laticinios-e-ovos,Ovos Classe M,12.0,DOZ,2.87,2.87,€
9438,6961506,laticinios-e-ovos,Iogurte Receita Clássica Natural Açucarado,0.375,KG,2.06,5.49,€
9439,6208457,laticinios-e-ovos,Puré de Maçã e Ananás,4.0,KG,2.59,6.48,€
9440,7449972,laticinios-e-ovos,"Smoothie Morango, Beterraba e Gengibre",0.28,KG,0.93,3.32,€
9441,7519787,laticinios-e-ovos,Iogurte Proteína Quark Natural,0.28,KG,1.4,5.00,€
9442,5255294,laticinios-e-ovos,Iogurte Magro Aroma Morango,0.72,KG,2.15,2.99,€
9443,7677850,laticinios-e-ovos,Iogurte Kefir Morango e Romã,0.35,KG,1.78,5.09,€
9444,7684461,laticinios-e-ovos,Clara de Ovo Pasteurizada,1.0,KG,2.95,2.95,€
9446,7624397,laticinios-e-ovos,Iogurte Grego Pêssego,0.44,KG,2.35,5.34,€
9447,7187962,laticinios-e-ovos,Iogurte Grego Natural,0.44,KG,2.35,5.34,€
9448,5332575,laticinios-e-ovos,Caffè Latte,0.22,LT,2.09,9.50,€
9449,7636309,laticinios-e-ovos,Iogurte Skyr Natural sem Lactose,0.4,KG,1.59,3.98,€
9451,6174946,laticinios-e-ovos,Leite Achocolatado sem Lactose,6.0,LT,2.88,2.40,€
9452,7657315,laticinios-e-ovos,Leite Magro Proteína Chocolate,0.25,LT,1.49,5.96,€
9454,7677848,laticinios-e-ovos,Iogurte Kefir Natural,0.35,KG,1.78,5.09,€
9455,7637163,laticinios-e-ovos,Iogurte Proteína Natural,0.5,KG,2.93,5.86,€
9456,5726134,laticinios-e-ovos,Iogurte Aroma Morango sem Lactose,0.48,KG,2.08,4.33,€
9457,7444798,laticinios-e-ovos,Cocogurte Pêssego e Maracujá,0.24,KG,1.64,6.83,€
9459,7631318,laticinios-e-ovos,Iogurte Vegetal Tomate,0.135,KG,1.5,11.11,€
9462,7599045,laticinios-e-ovos,Meenteiga Vegetal Amêndoa e Azeite Vegan,0.12,KG,3.05,25.42,€
9463,6870360,laticinios-e-ovos,Iogurte Kefir Natural,0.5,KG,2.53,5.06,€
9464,7442202,laticinios-e-ovos,Creme Vegetal para Barrar sem Sal Vioblock,0.25,KG,2.99,11.96,€
9465,7071948,laticinios-e-ovos,Natilhas Bolacha Equilíbrio,0.5,KG,2.23,4.46,€
9467,6212018,laticinios-e-ovos,Yofu Mirtilo,0.4,KG,3.05,7.63,€
9468,7274619,laticinios-e-ovos,Iogurte Aroma Aveia e Maçã,0.23,KG,1.21,5.26,€
9469,7268413,laticinios-e-ovos,Leite Achocolatado,3.0,LT,1.99,3.32,€
9470,7435385,laticinios-e-ovos,Iogurte Grego Limão sem Lactose,0.36,KG,2.16,6.00,€
9471,5787967,laticinios-e-ovos,Latte Frappuccino Café,0.25,LT,2.39,9.56,€
9472,7626362,laticinios-e-ovos,Creme Vegetal Aveia Culinária,0.2,LT,1.34,6.70,€
9474,6208458,laticinios-e-ovos,"Puré de Maçã, Morango e Banana",4.0,KG,2.59,6.48,€
9475,7478425,laticinios-e-ovos,Yofu Grego Baunilha,0.5,KG,3.38,6.76,€
9476,7478420,laticinios-e-ovos,Yofu Bifidus Natural,0.25,KG,1.78,7.12,€
9478,7626357,laticinios-e-ovos,Creme Culinário Soja,0.2,LT,1.34,6.70,€
9479,7631007,laticinios-e-ovos,Iogurte Vegetal Banana,0.5,KG,2.82,5.64,€
9480,6593032,laticinios-e-ovos,Iogurte Kefir Natural,0.5,KG,2.25,4.50,€
9482,7078048,laticinios-e-ovos,Gelatina Pronta Manga e Limão + Proteína,0.4,KG,3.49,8.73,€
9483,7630994,laticinios-e-ovos,Iogurte Vegetal Amêndoa,0.5,KG,2.82,5.64,€
9484,7475050,laticinios-e-ovos,Sobremesa com Manga e Chia,0.125,KG,1.29,10.32,€
9485,6475031,laticinios-e-ovos,Leite Kefir Natural,4.0,LT,2.32,2.90,€
9486,7657317,laticinios-e-ovos,Leite Magro Proteína Baunilha,0.25,LT,1.49,5.96,€
9487,7726934,laticinios-e-ovos,Creme para Barrar Planteiga sem Sal,0.2,KG,1.99,9.95,€
9488,6287726,laticinios-e-ovos,Iogurte Grego Magro Natural,1.0,KG,4.7,4.70,€
9489,7435387,laticinios-e-ovos,Iogurte Grego Stracciatella sem Lactose,0.36,KG,2.16,6.00,€
9490,4318051,laticinios-e-ovos,Gelatina Pronta Morango Gelli Sweet,0.4,KG,1.28,3.20,€
9491,7182589,laticinios-e-ovos,Leite Achocolatado Zero,4.0,LT,2.24,2.80,€
9493,7376351,laticinios-e-ovos,Vegegurte Coco e Baunilha,0.115,KG,1.0,8.70,€
9495,6249558,laticinios-e-ovos,Clara de Ovo Proteína Banana,0.32,LT,1.84,5.75,€
9496,5787978,laticinios-e-ovos,Latte Frappuccino Baunilha,0.25,LT,2.39,9.56,€
9497,7539019,laticinios-e-ovos,Leite em Pó Magro +12M,0.38,UN,5.74,5.74,€
9498,6415490,laticinios-e-ovos,Creme de Leite,0.17,KG,2.45,14.41,€
9501,7376354,laticinios-e-ovos,Vegegurte Coco e Chocolate,0.115,KG,1.0,8.70,€
9502,7378627,laticinios-e-ovos,Iogurte Kefir Desnatado,0.5,KG,2.16,4.32,€
9503,7267898,laticinios-e-ovos,Leite Achocolatado,0.2,LT,1.75,€8.75, 
9505,7745733,laticinios-e-ovos,Iogurte aroma Natural Açucarado sem Lactose,0.48,KG,1.87,3.90,€
9507,7376350,laticinios-e-ovos,"Vegegurte Aveia, Romã, Groselha e Pera",0.115,KG,1.0,8.70,€
9508,7078034,laticinios-e-ovos,Gelatina Pronta + Proteína Frutos Vermelhos,0.4,KG,3.49,8.73,€
9511,7521191,laticinios-e-ovos,Gelatina Pronta Banana Proteína,0.08,KG,3.14,39.25,€
9512,4318085,laticinios-e-ovos,Gelatina Pronta Ananás Gelli Sweet,0.4,KG,1.28,3.20,€
9513,6290937,laticinios-e-ovos,Iogurte Natural com Leite de Cabra,0.125,KG,1.12,8.96,€
9514,7382345,laticinios-e-ovos,Iogurte Kefir Morango,0.5,KG,3.1,6.20,€
9515,7314024,laticinios-e-ovos,Leite Aromatizado Banana e Pera,4.0,LT,1.69,2.11,€
9516,6921548,laticinios-e-ovos,Caffè Skinny Latte sem Lactose,0.22,LT,2.09,9.50,€
9517,6252386,laticinios-e-ovos,Clara de Ovo Proteína Morango,0.32,LT,1.84,5.75,€
9518,7624386,laticinios-e-ovos,Iogurte Grego Caramelo,0.44,KG,2.35,5.34,€
9519,7733294,laticinios-e-ovos,Meenteiga Vegetal Amêndoa com Algas,0.12,KG,3.05,25.42,€
9520,6715222,laticinios-e-ovos,Iogurte Kefir com Sementes de Chia,0.5,KG,2.34,4.68,€
9521,5871565,laticinios-e-ovos,Gelatina Pronta Vegetal Frutos Silvestres,0.13,KG,1.16,8.92,€
9522,7195693,laticinios-e-ovos,Double Espresso Go Chill,0.23,LT,1.99,8.65,€
9523,7180170,laticinios-e-ovos,Iogurte Líquido Reduz Colesterol Framboesa sem Lactose,0.39,KG,3.57,9.15,€
9524,7475053,laticinios-e-ovos,Sobremesa com Maçã,0.125,KG,1.29,10.32,€
9525,7651200,laticinios-e-ovos,"Soufflé S´mores Bolacha, Chocolate e Marshmallow",0.16,KG,3.89,21.61,€
9526,3793973,laticinios-e-ovos,Leite Meio Gordo Fresco,4.0,LT,1.87,1.87,€
9527,6993199,laticinios-e-ovos,Creme de Baunilha e Caramelo,0.5,KG,2.29,4.58,€
9528,2888438,charcutaria-e-queijos,Queijo Flamengo Fatiado,0.5,KG,3.95,7.90,€
9529,6579062,charcutaria-e-queijos,Queijo Mini Light,12.0,KG,4.33,18.04,€
9530,7102478,charcutaria-e-queijos,Fiambre da Pá Fatiado,0.2,KG,1.59,7.95,€
9531,4863936,charcutaria-e-queijos,Queijo Flamengo Fatiado,2.0,KG,3.89,9.72,€
9532,5125010,charcutaria-e-queijos,Queijo Flamengo Fatiado,2.0,KG,4.71,11.78,€
9533,7102483,charcutaria-e-queijos,Fiambre da Perna Extra Finíssimas,0.2,KG,2.09,10.45,€
9534,5243280,charcutaria-e-queijos,Bacon Fumado Tiras,0.15,KG,1.65,11.00,€
9535,7611747,charcutaria-e-queijos,Queijo Mozzarella para Pizza Ralado,2.0,KG,3.29,8.23,€
9536,5608649,charcutaria-e-queijos,Queijo Mini,12.0,KG,4.23,17.63,€
9537,7308018,charcutaria-e-queijos,Fiambre Peito de Peru,0.15,KG,1.99,13.27,€
9538,6249460,charcutaria-e-queijos,Queijo Mozzarella,0.125,KG,0.99,7.92,€
9539,7499673,charcutaria-e-queijos,Queijo Feta DOP,0.15,KG,1.87,12.47,€
9540,4863937,charcutaria-e-queijos,Queijo Flamengo Light Fatiado,2.0,KG,3.99,9.97,€
9541,6355315,charcutaria-e-queijos,Queijo Fresco de Vaca Longa Duração Light,4.0,KG,2.53,10.12,€
9542,6752430,charcutaria-e-queijos,Queijo Flamengo Fatiado,0.2,KG,2.5,12.50,€
9543,6989464,charcutaria-e-queijos,Bacon Fatiado,0.2,KG,1.99,9.95,€
9544,4863925,charcutaria-e-queijos,Queijo Flamengo Light Fatiado,2.0,KG,4.8,12.00,€
9545,7619394,charcutaria-e-queijos,Queijo Mozzarella para Pizza Ralado,0.2,KG,1.68,8.40,€
9546,6184775,charcutaria-e-queijos,Queijo Flamengo Fatiado Express,0.2,KG,1.87,9.35,€
9547,7455027,charcutaria-e-queijos,Queijo Gouda Fatiado,0.2,KG,1.59,7.95,€
9548,2112780,charcutaria-e-queijos,Fiambre Perna Extra Fatiado no Balcão,0.1,UN,14.97,1.50,€
9549,4738689,charcutaria-e-queijos,Fiambre de Peito de Frango Fatiado no Balcão,0.1,UN,11.39,1.14,€
9550,6409881,charcutaria-e-queijos,Queijo Creme Light para Barrar Familiar,0.27,KG,3.19,11.81,€
9551,5013557,charcutaria-e-queijos,Queijo Parmigiano Reggiano Ralado,0.06,KG,1.87,31.17,€
9552,7102481,charcutaria-e-queijos,Fiambre da Perna Extra Fatias,0.2,KG,1.99,9.95,€
9553,4781831,charcutaria-e-queijos,Queijo Flamengo Light Fatiado,2.0,KG,4.23,9.40,€
9554,7310431,charcutaria-e-queijos,Fiambre Peito de Frango,0.15,KG,1.99,13.27,€
9555,7274438,charcutaria-e-queijos,Fiambre Peito de Peru em Forno a Lenha,0.15,KG,1.89,12.60,€
9556,6824038,charcutaria-e-queijos,Queijo Burrata de Búfala,0.125,KG,1.87,14.96,€
9557,7619393,charcutaria-e-queijos,Queijo Ralado para Gratinar,0.2,KG,1.78,8.90,€
9558,6770911,charcutaria-e-queijos,Queijo Brie,0.2,KG,1.68,8.40,€
9559,5803140,charcutaria-e-queijos,Queijo Fresco Longa Duração,3.0,KG,2.25,10.42,€
9560,7329389,charcutaria-e-queijos,Queijo Fatiado,2.0,KG,4.7,11.75,€
9561,7482871,charcutaria-e-queijos,Salmão Fumado Noruega,0.2,KG,6.49,32.45,€
9562,2824596,charcutaria-e-queijos,Queijo Flamengo Fatiado no Balcão,0.1,UN,10.27,1.03,€
9563,7646641,charcutaria-e-queijos,Chourição Fatias Finas,0.2,KG,1.59,7.95,€
9564,7066276,charcutaria-e-queijos,Fiambre de Peito de Peru Fatiado no Balcão,0.1,UN,12.49,1.25,€
9565,5254642,charcutaria-e-queijos,Fiambre em Cubos,0.14,KG,1.29,9.21,€
9566,4835882,charcutaria-e-queijos,Alheira de Mirandela,0.2,KG,1.29,6.45,€
9567,6346489,charcutaria-e-queijos,Queijo Mozzarella de Búfala,0.125,KG,1.59,12.72,€
9568,2237563,charcutaria-e-queijos,Queijo Fundido Palitos,0.14,KG,1.87,13.36,€
9569,5242937,charcutaria-e-queijos,Bacon Fumado Tiras,2.0,KG,2.99,€11.96, 
9570,5126086,charcutaria-e-queijos,Queijo Flamengo Fatiado,0.25,KG,2.34,9.36,€
9571,7482853,charcutaria-e-queijos,Salmão Fumado Noruega,0.1,KG,3.69,36.90,€
9572,6249472,charcutaria-e-queijos,Queijo Mozzarella Light,0.125,KG,1.02,8.16,€
9573,7490244,charcutaria-e-queijos,Queijo Flamengo sem Lactose Fatiado,0.15,KG,1.26,8.40,€
9574,5031062,charcutaria-e-queijos,Fiambre Peito de Peru Forno Lenha Fatias Finas,0.12,KG,2.99,24.92,€
9575,7274434,charcutaria-e-queijos,Fiambre Peito de Frango Forno a Lenha,0.15,KG,1.89,12.60,€
9576,5803076,charcutaria-e-queijos,Queijo Fresco Longa Duração Magro,3.0,KG,2.25,10.42,€
9577,6409883,charcutaria-e-queijos,Queijo Creme Original para Barrar Familiar,0.27,KG,3.19,11.81,€
9578,7484560,charcutaria-e-queijos,Queijo Mozzarella Ralado,0.15,KG,1.87,12.47,€
9579,7619407,charcutaria-e-queijos,Queijo para Massas Ralado,0.2,KG,1.78,8.90,€
9580,5508730,charcutaria-e-queijos,Fiambre Peito de Peru Cuida-t+ Fatias Finas,0.11,KG,2.99,27.18,€
9581,4866511,charcutaria-e-queijos,Fiambre Perna Extra Fatias Finíssimas,0.12,KG,2.39,19.92,€
9582,7708156,charcutaria-e-queijos,Queijo Fundido Light Porções,0.375,KG,4.04,10.77,€
9583,2193986,charcutaria-e-queijos,Queijo Mozzarella,0.125,KG,1.74,13.92,€
9584,7708154,charcutaria-e-queijos,Queijo Fundido Light Porções,0.25,KG,3.1,12.40,€
9585,7084212,charcutaria-e-queijos,Chouriço Extra Corrente,0.25,KG,1.79,7.16,€
9586,7455034,charcutaria-e-queijos,Queijo Cheddar Fatiado,0.15,KG,1.68,11.20,€
9587,2543571,charcutaria-e-queijos,Queijo Flamengo Fatiado,0.2,KG,2.54,12.70,€
9588,2112706,charcutaria-e-queijos,Queijo Fresco de Vaca,0.08,KG,0.55,6.88,€
9589,4807910,charcutaria-e-queijos,Queijo Chèvre,0.18,KG,1.97,10.94,€
9590,7646639,charcutaria-e-queijos,Paio York Fatias Finas,0.2,KG,1.59,7.95,€
9591,7156770,charcutaria-e-queijos,Presunto Fatiado,0.12,KG,2.39,19.92,€
9592,6411725,charcutaria-e-queijos,Queijo Ricotta,0.25,KG,1.87,7.48,€
9593,7329390,charcutaria-e-queijos,Queijo sem Lactose Light Fatiado,2.0,KG,4.14,13.80,€
9594,7218060,charcutaria-e-queijos,Presunto Fatiado,0.15,KG,3.15,21.00,€
9595,7127064,charcutaria-e-queijos,Queijo Mozzarella Mini de Búfala,0.125,KG,1.68,13.44,€
9596,5787294,charcutaria-e-queijos,Bacon Mini Tiras,2.0,KG,2.39,19.92,€
9597,7621913,charcutaria-e-queijos,Queijo Fresco Cottage Light,0.18,KG,1.5,8.33,€
9598,5881838,charcutaria-e-queijos,Queijo Parmigiano Reggiano 30 Meses de Cura,0.15,KG,5.55,37.00,€
9599,7544167,charcutaria-e-queijos,Queijo Mozzarella Fatiado,0.15,KG,1.4,9.33,€
9600,7023912,charcutaria-e-queijos,Queijo Flamengo Fatiado no Balcão,0.1,UN,8.95,0.90,€
9601,7638584,charcutaria-e-queijos,Salame Fatiado,0.15,KG,1.59,10.60,€
9602,5436230,charcutaria-e-queijos,Presunto Fatiado,0.24,KG,4.15,17.29,€
9603,6372252,charcutaria-e-queijos,Queijo Fundido Light Palitos,0.14,KG,1.87,13.36,€
9604,2915648,charcutaria-e-queijos,Queijo Mini Light,6.0,KG,1.96,16.33,€
9605,5136545,charcutaria-e-queijos,Queijo Fresco sem Lactose,2.0,KG,1.31,10.48,€
9606,7244462,charcutaria-e-queijos,Queijo Camembert,0.25,KG,1.78,7.12,€
9607,2987708,charcutaria-e-queijos,Queijo Flamengo Light Fatiado,0.2,KG,2.63,13.15,€
9608,4952196,charcutaria-e-queijos,Fiambre Fatias Finas Económico,0.1,KG,1.39,13.90,€
9609,4313117,charcutaria-e-queijos,Queijo Fresco de Cabra Atabafado,0.12,KG,2.02,16.83,€
9610,7094431,charcutaria-e-queijos,Fiambre da Perna Extra Fatiado no Balcão,0.1,UN,13.49,1.35,€
9611,4989065,charcutaria-e-queijos,Queijinhos Cremosos Light,0.28,KG,2.34,8.36,€
9612,5193650,charcutaria-e-queijos,Chouriço em Cubos,2.0,KG,1.29,9.21,€
9613,7492968,charcutaria-e-queijos,Chouriço de Carne de Lamego,0.2,KG,2.16,10.80,€
9614,7646638,charcutaria-e-queijos,Mortadela de Porco com Azeitonas Fatiada,0.2,KG,0.99,4.95,€
9615,6869131,charcutaria-e-queijos,Queijo Cottage Magro para Barrar Natural,0.18,KG,1.87,10.39,€
9616,7644941,charcutaria-e-queijos,Queijo Creme Light para Barrar,0.15,KG,2.16,14.40,€
9617,7455030,charcutaria-e-queijos,Queijo Edam Fatiado,0.2,KG,1.78,8.90,€
9618,7600641,charcutaria-e-queijos,Queijo Fresco sem Lactose Longa Duração,3.0,KG,2.34,10.83,€
9619,4988748,charcutaria-e-queijos,Queijinhos Cremosos,0.28,KG,1.65,5.89,€
9620,4789971,charcutaria-e-queijos,Queijo Fresco Vaca,2.0,KG,1.68,10.50,€
9621,2608867,charcutaria-e-queijos,Queijo Flamengo Fatiado,0.2,KG,1.97,9.85,€
9622,4556545,charcutaria-e-queijos,Queijo Fatiado,0.2,KG,2.12,10.60,€
9623,7395930,charcutaria-e-queijos,Fiambre Peito de Peru Forno Lenha Fatias Finas,0.22,KG,4.59,20.86,€
9624,7558910,charcutaria-e-queijos,Fiambre de Peru Fatias Finas,0.14,KG,2.1,15.00,€
9625,4430289,charcutaria-e-queijos,Queijo Flamengo Ralado,0.15,KG,1.37,9.13,€
9626,6032913,charcutaria-e-queijos,Linguiça,0.2,KG,1.29,6.45,€
9627,6989467,charcutaria-e-queijos,Bacon Fumado Naco,0.2,KG,2.19,10.95,€
9628,5145955,charcutaria-e-queijos,Chouriço de Carne do Fundão,0.22,KG,2.19,9.95,€
9629,4446849,charcutaria-e-queijos,Queijo Creme com Ervas Finas para Barrar,0.15,KG,2.34,15.60,€
9630,7056714,charcutaria-e-queijos,Chouriço Corrente,0.4,KG,2.59,6.48,€
9631,7072681,charcutaria-e-queijos,Tiras de Salmão Fumado da Noruega,2.0,KG,3.49,34.90,€
9632,7104733,charcutaria-e-queijos,Requeijão de Vaca,0.17,KG,0.83,4.88,€
9633,7395922,charcutaria-e-queijos,Fiambre da Perna Extra Fatias Finíssimas,0.22,KG,4.59,20.86,€
9634,4778674,charcutaria-e-queijos,Queijo de Vaca Amanteigado,0.55,KG,4.99,9.07,€
9635,4106151,charcutaria-e-queijos,Queijo da Ilha Ralado,0.2,KG,1.87,9.35,€
9636,7156763,charcutaria-e-queijos,Presunto Fatias Finas,0.22,KG,4.15,18.86,€
9637,2163678,charcutaria-e-queijos,Queijo Cheddar Fundido Fatiado,0.2,KG,2.34,11.70,€
9638,5031504,charcutaria-e-queijos,Fiambre Peito de Frango Forno a Lenha Fatias Finas,0.12,KG,2.99,24.92,€
9639,6605954,charcutaria-e-queijos,Queijo da Ilha Fatiado,0.15,KG,2.12,14.13,€
9640,2812840,charcutaria-e-queijos,Fiambre Peito Peru Forno a Lenha Fatiado no Balcão,0.1,UN,20.99,2.10,€
9641,7302081,charcutaria-e-queijos,Queijo Ralado 3 Queijos,0.15,KG,2.34,15.60,€
9642,7644940,charcutaria-e-queijos,Queijo Creme Original para Barrar,0.15,KG,2.16,14.40,€
9643,5466091,charcutaria-e-queijos,Fuet Extra,0.17,KG,2.35,13.82,€
9644,5119678,charcutaria-e-queijos,Bacon Extra Nacos,0.2,KG,3.59,17.95,€
9645,5357117,charcutaria-e-queijos,Queijo Fresco de Cabra,0.15,KG,1.78,11.87,€
9646,7395925,charcutaria-e-queijos,Fiambre da Perna Extra Fatias Clássicas,0.22,KG,4.59,20.86,€
9647,4904007,charcutaria-e-queijos,Queijo Flamengo Light Fatiado,0.225,KG,2.53,11.24,€
9648,7163487,charcutaria-e-queijos,Queijo Fresco para Barrar Light,0.15,KG,1.78,11.87,€
9649,5465212,charcutaria-e-queijos,Cesto com 3 Queijos,0.27,KG,3.15,11.67,€
9650,7558909,charcutaria-e-queijos,Fiambre de Frango Fatias Finas,0.14,KG,2.1,15.00,€
9651,6006106,charcutaria-e-queijos,Queijo Flamengo Ralado,0.15,KG,1.78,11.87,€
9652,4365699,charcutaria-e-queijos,Mortadela de Peru com Azeitonas Fatiada no Balcão,0.1,UN,9.49,0.95,€
9653,2163597,charcutaria-e-queijos,Queijo Mini,6.0,KG,1.87,15.58,€
9654,7525842,charcutaria-e-queijos,Queijo Fresco Magro,0.08,KG,0.55,6.88,€
9655,3639558,charcutaria-e-queijos,Fiambre de Peito Peru Fatiado no Balcão,0.1,UN,17.99,1.80,€
9656,4871790,charcutaria-e-queijos,Linguiça Picante,0.15,KG,0.99,6.60,€
9657,7708155,charcutaria-e-queijos,Queijo Fundido Porções,0.375,KG,4.04,10.77,€
9658,7480697,charcutaria-e-queijos,Queijo Flamengo Fatiado,2.0,KG,6.59,9.41,€
9659,4766880,charcutaria-e-queijos,Paio do Lombo Fatias Clássicas,0.1,KG,2.99,29.90,€
9660,5508722,charcutaria-e-queijos,Fiambre Peito de Frango Cuida-t+ Fatias Finas,0.11,KG,2.99,27.18,€
9661,6278262,charcutaria-e-queijos,Queijo sem Lactose Light Fatiado,0.15,KG,1.83,12.20,€
9662,6355380,charcutaria-e-queijos,Queijo Fresco de Vaca Meio Gordo Longa Duração,4.0,KG,2.53,10.12,€
9663,6877045,charcutaria-e-queijos,Queijo Prato Pequeno,0.5,KG,7.06,14.12,€
9664,7646637,charcutaria-e-queijos,Mortadela de Porco Fatias Finas,0.2,KG,0.99,4.95,€
9665,2868559,charcutaria-e-queijos,Queijo Creme para Barrar Classic,0.135,KG,1.64,12.15,€
9666,2555568,charcutaria-e-queijos,Queijo Fresco Magro,0.08,KG,0.55,6.88,€
9667,4954272,charcutaria-e-queijos,Fiambre Peito de Frango Forno a Lenha Fatiado no Balcão,0.1,UN,20.99,2.10,€
9668,6574808,charcutaria-e-queijos,Salsichas de Churrasco,0.2,KG,1.59,7.95,€
9669,5508705,charcutaria-e-queijos,Fiambre da Perna Extra Cuida-t+ Fatias Finas,0.11,KG,2.99,27.18,€
9670,7708151,charcutaria-e-queijos,Queijo Fundido Porções,0.25,KG,3.1,12.40,€
9671,5760375,charcutaria-e-queijos,Queijo Creme Fresco para Barrar sem Lactose,0.15,KG,2.34,15.60,€
9672,6053916,charcutaria-e-queijos,Queijo Fresco de Cabra,0.13,KG,1.5,11.54,€
9673,6291645,charcutaria-e-queijos,Queijo da Ilha Cunha,0.4,KG,4.42,11.05,€
9674,5500322,charcutaria-e-queijos,Chourição Gran Doblón Fatiado,0.08,KG,1.99,24.88,€
9675,6543481,charcutaria-e-queijos,Fatias Vegetarianas com Ervas Mediterrâneas,0.1,KG,2.19,21.90,€
9676,2163685,charcutaria-e-queijos,Queijo Fundido para Barrar,0.1,KG,1.65,16.50,€
9677,7629311,charcutaria-e-queijos,Queijo Flamengo Light Fatiado,0.17,KG,1.97,11.59,€
9678,2112708,charcutaria-e-queijos,Queijo Fresco de Vaca Meio Gordo,0.2,KG,1.68,8.40,€
9679,7619391,charcutaria-e-queijos,Queijo para Pratos Mexicanos Ralado,0.2,KG,1.78,8.90,€
9680,7156877,charcutaria-e-queijos,Presunto Fatias Finas,0.12,KG,2.49,20.75,€
9681,5100486,charcutaria-e-queijos,Queijo Flamengo Fatiado,0.2,KG,2.54,12.70,€
9682,4943167,charcutaria-e-queijos,Queijo Flamengo Light Fatiado,0.2,KG,2.63,13.15,€
9683,7455025,charcutaria-e-queijos,Queijo Emmental Fatias,0.15,KG,1.97,13.13,€
9684,7652965,charcutaria-e-queijos,Queijo Roquefort,0.1,KG,1.68,16.80,€
9685,6255192,charcutaria-e-queijos,Fiambre de Peito de Peru Extra Fatias Finas,0.11,KG,2.39,21.73,€
9686,5344275,charcutaria-e-queijos,Queijo de Vaca e Ovelha Amanteigado Fatiado,0.18,KG,2.09,11.61,€
9687,4934627,charcutaria-e-queijos,Queijo Fresco de Vaca,0.2,KG,1.97,9.85,€
9688,7474097,charcutaria-e-queijos,Requeijão de Ovelha de Seia,0.2,KG,1.78,8.90,€
9689,5031522,charcutaria-e-queijos,Fiambre Peito Peru Forno a Lenha Fatias Clássicas,0.12,KG,2.99,24.92,€
9690,4853176,charcutaria-e-queijos,Alheira Transmontana,0.2,KG,1.39,6.95,€
9691,4858749,charcutaria-e-queijos,Queijo de Mistura,0.19,KG,2.72,14.32,€
9692,7308009,charcutaria-e-queijos,Fiambre Peito de Peru Baixo teor de Sal,0.15,KG,2.59,17.27,€
9693,2163633,charcutaria-e-queijos,Queijo Fresco Com Alho E Ervas Finas,0.15,KG,2.53,16.87,€
9694,7395935,charcutaria-e-queijos,Fiambre Peito de Frango Forno Lenha Fatias Finas,0.22,KG,4.59,20.86,€
9695,7515334,charcutaria-e-queijos,Queijo Cheddar Vintage,0.2,KG,3.76,18.80,€
9696,5787899,charcutaria-e-queijos,Mortadela de Peru com Azeitonas Fatiada,0.14,KG,2.19,15.64,€
9698,7083369,charcutaria-e-queijos,Tábua de Enchidos Alentejanos,0.08,KG,1.99,24.88,€
9699,7577143,charcutaria-e-queijos,Mini Salsichas Kids,0.5,KG,3.59,7.18,€
9700,6465436,charcutaria-e-queijos,Queijo Quark Natural,0.2,KG,1.31,6.55,€
9701,7302144,charcutaria-e-queijos,Presunto Fatiado 12 Meses de Cura,0.16,KG,3.59,22.44,€
9702,5185297,charcutaria-e-queijos,Chouriço de Carne de Arganil,0.22,KG,3.29,14.95,€
9703,6947724,charcutaria-e-queijos,Queijo Emmental Ralado,0.15,KG,2.34,15.60,€
9704,5787896,charcutaria-e-queijos,Mortadela de Peru Fatiada,0.14,KG,2.19,15.64,€
9705,6497666,charcutaria-e-queijos,Queijo Creme para Barrar,0.15,KG,2.06,13.73,€
9706,7506787,charcutaria-e-queijos,Queijo Fresco Magro,0.2,KG,0.93,4.65,€
9707,6549602,charcutaria-e-queijos,Bacon Fatiado,0.15,KG,3.39,22.60,€
9708,6355399,charcutaria-e-queijos,Queijo Fresco de Vaca Natural Longa Duração,4.0,KG,2.53,10.12,€
9709,7646640,charcutaria-e-queijos,Paio do Lombo Fatias Finas,0.14,KG,2.24,16.00,€
9710,2950765,charcutaria-e-queijos,Queijo Mozzarella Light,0.125,KG,1.87,14.96,€
9711,4235631,charcutaria-e-queijos,Alheira Vegetariana,0.2,KG,1.75,8.75,€
9712,7648250,charcutaria-e-queijos,Presunto Rolado Fatias Finas,0.18,KG,2.45,13.61,€
9713,5127455,charcutaria-e-queijos,Queijo Flamengo Quarto,0.325,KG,3.61,11.11,€
9714,7521167,charcutaria-e-queijos,Salsicha Bockwurst,0.36,KG,3.99,11.08,€
9715,5508724,charcutaria-e-queijos,Fiambre Peito Peru Braseado Cuida-t+ Fatias Finas,0.11,KG,2.99,27.18,€
9716,7382957,charcutaria-e-queijos,Queijo de Mistura Amanteigado Meio Gordo,0.45,KG,6.01,13.36,€
9717,7478830,charcutaria-e-queijos,Fatiado de Sabor Original,0.2,KG,3.79,18.95,€
9718,2191365,charcutaria-e-queijos,Requeijão de Mistura Natural,0.17,KG,1.68,9.88,€
9719,5254700,charcutaria-e-queijos,Farinheira de Lamego,0.23,KG,1.49,6.48,€
9720,6574875,charcutaria-e-queijos,Salsichas de Churrasco Picante,0.2,KG,1.59,7.95,€
9721,7490243,charcutaria-e-queijos,Queijo Mozzarella de Búfala Sem Lactose,0.125,KG,1.87,14.96,€
9722,6989463,charcutaria-e-queijos,Bacon Extra Fatias,0.15,KG,2.19,14.60,€
9723,5157537,charcutaria-e-queijos,Alheira de Caça,0.18,KG,2.75,15.28,€
9724,2163680,charcutaria-e-queijos,Queijo Fundido Light Fatiado,0.2,KG,2.34,11.70,€
9725,2989727,charcutaria-e-queijos,Queijo Flamengo Bola 1/4,0.35,KG,3.7,10.57,€
9726,6669228,charcutaria-e-queijos,Queijo Cremoso de Vaca,0.125,KG,1.68,13.44,€
9727,3643759,charcutaria-e-queijos,Bacon sem Couro,0.2,KG,3.79,18.95,€
9728,5580356,charcutaria-e-queijos,Queijo Flamengo Fatiado,0.18,KG,1.87,10.39,€
9729,2770143,charcutaria-e-queijos,Bacon Fumado Tiras,0.13,KG,2.25,17.31,€
9730,6989466,charcutaria-e-queijos,Bacon Extra Naco Fumado,0.2,KG,2.49,12.45,€
9731,7106531,charcutaria-e-queijos,Queijo Mozzarella Mini,0.125,KG,2.53,20.24,€
9732,7478827,charcutaria-e-queijos,Bloco Estilo Grego,0.2,KG,3.49,17.45,€
9733,7621180,charcutaria-e-queijos,Tripack Queijo de Vaca e Ovelha 3 Sabores,0.27,KG,4.7,17.41,€
9734,6645078,charcutaria-e-queijos,Bacon Fatiado,0.15,KG,3.19,21.27,€
9735,7515337,charcutaria-e-queijos,Queijo Cheddar Mature,0.2,KG,3.48,17.40,€
9736,2918187,charcutaria-e-queijos,Queijo Flamengo Light Fatiado,0.2,KG,2.63,13.15,€
9737,7104848,charcutaria-e-queijos,Requeijão de Vaca,0.17,KG,0.89,5.24,€
9738,7175439,charcutaria-e-queijos,Queijo Ralado Mix sem Lactose,0.15,KG,1.87,12.47,€
9739,6635027,charcutaria-e-queijos,Queijo Parmigiano Reggiano DOP Lascas,0.08,KG,2.4,30.00,€
9740,6621402,charcutaria-e-queijos,Salmão Fumado Marinado da Noruega,0.08,KG,3.99,49.88,€
9741,5357994,charcutaria-e-queijos,Queijo da Ilha São Miguel Cunha,0.3,KG,4.89,16.30,€
9742,4952205,charcutaria-e-queijos,Chourição Sabor Suave Fatiado,0.1,KG,1.39,13.90,€
9743,7435436,charcutaria-e-queijos,Chouriço de  Carne,0.13,KG,1.39,10.69,€
9744,5500303,charcutaria-e-queijos,Salame para Tapas,0.08,KG,1.99,24.88,€
9745,7506780,charcutaria-e-queijos,Queijo Fresco Meio Gordo,0.2,KG,0.93,4.65,€
9746,6490615,charcutaria-e-queijos,Presunto Parma Fatiado 16 Meses de Cura,0.08,KG,5.49,68.63,€
9747,6876991,charcutaria-e-queijos,Queijo Meio Gordo,0.5,KG,7.06,14.12,€
9748,2163844,charcutaria-e-queijos,Queijo Emmental Porção,0.25,KG,4.48,17.92,€
9749,5130196,charcutaria-e-queijos,Salpicão e Paio Alentejano,0.15,KG,2.25,15.00,€
9750,7163484,charcutaria-e-queijos,Queijo Fresco para Barrar Original,0.15,KG,1.78,11.87,€
9751,7525837,charcutaria-e-queijos,Queijo Fresco Meio Gordo,0.08,KG,0.55,6.88,€
9752,4873358,charcutaria-e-queijos,Linguiça Extra,0.15,KG,1.35,9.00,€
9753,5423120,charcutaria-e-queijos,Salsichas Clássicas Aves,0.25,KG,1.59,6.36,€
9754,5201015,charcutaria-e-queijos,Queijo de Mistura,0.45,KG,7.16,15.91,€
9755,5423139,charcutaria-e-queijos,Salsichas Aves com Queijo,0.15,KG,1.29,8.60,€
9756,7330715,charcutaria-e-queijos,Bacon Extra Fatias Finas,0.1,KG,2.29,22.90,€
9757,7640724,charcutaria-e-queijos,Presunto Beira Baixa 12 Meses de Cura,0.12,KG,3.19,26.58,€
9758,5582241,charcutaria-e-queijos,Queijo Gouda sem Lactose Fatiado,0.15,KG,1.68,11.20,€
9759,7389571,charcutaria-e-queijos,Salmão Fumado 30% Menos Sal,0.08,KG,3.99,49.88,€
9760,6625788,charcutaria-e-queijos,Fiambre de Peito de Peru Forno a Lenha,0.11,KG,2.49,22.64,€
9761,5109898,charcutaria-e-queijos,Queijo Feta Dop,0.2,KG,4.42,22.10,€
9762,7620508,charcutaria-e-queijos,"Queijo Mini Original, Cheddar e Emmental",9.0,KG,3.1,17.22,€
9763,7109769,charcutaria-e-queijos,Queijo Ricotta de Búfala,0.125,KG,1.12,8.96,€
9764,7095568,charcutaria-e-queijos,Queijo Fresco sem Lactose,4.0,KG,2.16,8.64,€
9765,7063150,charcutaria-e-queijos,Queijo Fresco de Ovelha,0.08,KG,0.8,10.00,€
9766,4469153,charcutaria-e-queijos,Salmão da Noruega Fumado,0.08,KG,7.19,89.88,€
9767,7579203,charcutaria-e-queijos,Fatiado Sabor a Frango,0.1,KG,2.99,29.90,€
9768,6419166,charcutaria-e-queijos,Queijo Flamengo Fatiado,2.0,KG,8.29,10.36,€
9769,5053505,charcutaria-e-queijos,Morcela de Arganil,0.25,KG,1.99,7.96,€
9770,7543976,charcutaria-e-queijos,Salsicha Estilo Viena,0.2,KG,3.59,17.95 ,€
9771,2231756,charcutaria-e-queijos,Queijo Fresco Ricotta,0.25,KG,2.31,9.24,€
9772,7653009,charcutaria-e-queijos,Presunto Serrano Fatiado 12 Meses de Cura,0.11,KG,3.19,29.00,€
9773,5053641,charcutaria-e-queijos,Farinheira de Arganil,0.25,KG,1.99,7.96,€
9774,7501386,charcutaria-e-queijos,Queijinho de Ovelha Amanteigado Seia,0.3,KG,5.93,19.77,€
9775,7303647,charcutaria-e-queijos,Queijo Manchego Cura 12 Meses DOP,0.15,UN,26.31,3.95,€
9776,4655971,charcutaria-e-queijos,Queijo da Ilha S. Jorge DOP 7 Meses de Cura,0.4,KG,6.87,17.18,€
9778,4948493,charcutaria-e-queijos,Fiambre da Perna Extra Fatias Clássicas,0.12,KG,2.99,24.92,€
9779,2163679,charcutaria-e-queijos,Queijo Fundido Fatiado,0.2,KG,2.34,11.70,€
9780,4922925,charcutaria-e-queijos,Queijo Brie,0.18,KG,3.04,16.89,€
9781,2163974,charcutaria-e-queijos,Queijo Brie,0.2,KG,3.82,19.10,€
9782,2957813,charcutaria-e-queijos,Queijo Brie,0.2,KG,3.15,15.75,€
9784,7196354,charcutaria-e-queijos,Queijo Pecorino Romano DOP Ralado,0.07,KG,2.82,40.29,€
9785,2951382,charcutaria-e-queijos,Queijo Mozzarella Maxi,0.25,KG,3.19,12.76,€
9786,4925087,charcutaria-e-queijos,Salmão Selvagem Alaska Fumado,0.08,KG,7.99,€99.88, 
9787,7453367,charcutaria-e-queijos,Fatias Vegetarianas com Vegetais Assados,0.1,KG,2.19,21.90,€
9788,2177144,charcutaria-e-queijos,Queijo Mascarpone,0.25,KG,4.1,16.40,€
9789,7641775,charcutaria-e-queijos,Presunto Lamego 12 Meses de Cura,0.1,KG,3.19,31.90,€
9790,6308149,charcutaria-e-queijos,Farinheira Serrana,0.2,KG,1.39,6.95,€
9791,7617587,charcutaria-e-queijos,Queijo Flamengo São Luiz Fatiado no Balcão,0.1,UN,9.29,0.93,€
9792,5654314,charcutaria-e-queijos,Queijo de Cabra,0.2,KG,4.23,21.15,€
9793,5193656,charcutaria-e-queijos,Presunto em Cubos,2.0,KG,1.59,13.25,€
9794,7478831,charcutaria-e-queijos,Creme de Barrar,0.2,KG,3.49,17.45,€
9795,7382953,charcutaria-e-queijos,Queijo de Mistura Amanteigado,0.45,KG,6.01,13.36,€
9796,5313388,charcutaria-e-queijos,Sucedâneo Caviar Preto Caviartic,0.075,KG,2.69,35.87,€
9797,7463789,charcutaria-e-queijos,Delícias de Salmão Fumado Congelado,0.125,KG,0.93,7.44,€
9798,6490620,charcutaria-e-queijos,Salame Nápoles,0.08,KG,3.19,39.88,€
9799,5881834,charcutaria-e-queijos,Queijo Halloumi,0.2,KG,4.23,21.15,€
9800,7196358,charcutaria-e-queijos,Queijo Grana Padano DOP Ralado,0.09,KG,2.63,29.22,€
9801,6355123,charcutaria-e-queijos,Queijo Fresco Longa Duração Light,0.25,KG,2.16,8.64,€
9802,6923850,charcutaria-e-queijos,Queijo Branco 1/4,0.5,KG,6.59,13.18,€
9803,4226461,charcutaria-e-queijos,Queijo Flamengo Fatiado,0.2,KG,2.59,12.95,€
9804,4054579,charcutaria-e-queijos,Queijo Emmental Ralado,0.15,KG,2.63,17.53,€
9805,5165527,charcutaria-e-queijos,Farinheira do Fundão,0.22,KG,1.99,9.05,€
9806,5564287,charcutaria-e-queijos,Patê com Ervas Finas,0.055,KG,1.19,21.64,€
9807,7654840,charcutaria-e-queijos,Chourição Espanhol Fatias Finas,0.15,KG,2.25,15.00,€
9808,2163814,charcutaria-e-queijos,Queijo Camembert,0.25,KG,3.91,15.64,€
9809,6815948,charcutaria-e-queijos,Queijo Creme Fresco Trufa para Barrar,0.15,KG,2.34,15.60,€
9810,6355073,charcutaria-e-queijos,Queijo Fresco de Vaca Longa Duração Baixo Teor de Sal,4.0,KG,2.53,10.12,€
9811,7648279,charcutaria-e-queijos,Torresmos Fatias Finas,0.15,KG,1.99,13.27,€
9812,7431928,charcutaria-e-queijos,Queijo de Mistura Curado,0.25,KG,2.82,11.28,€
9813,6970315,charcutaria-e-queijos,Chouriça de Porco Bísaro de Bragança,0.16,KG,2.75,17.19,€
9814,7056711,charcutaria-e-queijos,Chouriço Corrente,1.0,KG,5.29,5.29,€
9815,6439751,charcutaria-e-queijos,Queijo de Cabra Atabafado com Alho e Ervas,2.0,KG,4.7,26.11,€
9816,6490704,charcutaria-e-queijos,Coppa Parma,0.08,KG,3.89,48.63,€
9817,5582225,charcutaria-e-queijos,Queijo Edam sem Lactose Fatiado,0.15,KG,1.68,11.20,€
9818,5436388,charcutaria-e-queijos,Queijo Fresco de Cabra Atabafado Light,0.12,KG,2.5,20.83,€
9819,4870471,charcutaria-e-queijos,Alheira de Caça de Mirandela,0.2,KG,2.55,12.75,€
9821,7600464,charcutaria-e-queijos,Ralado Sabor Mozzarella,0.2,KG,3.79,18.95,€
9822,2767306,charcutaria-e-queijos,Requeijão Light,0.17,KG,1.68,9.88,€
9823,6669232,charcutaria-e-queijos,Queijo Cremoso de Mistura,0.125,KG,1.68,13.44,€
9824,3023730,charcutaria-e-queijos,Queijo Fresco de Cabra,0.13,KG,1.87,14.38,€
9825,6355391,charcutaria-e-queijos,Queijo Fresco Natural Longa Duração,0.25,KG,2.16,8.64,€
9826,2112776,charcutaria-e-queijos,Chourição Fatiado no Balcão,0.1,UN,13.99,1.40,€
9827,2466774,charcutaria-e-queijos,Queijo de Mistura Regional,0.19,KG,3.57,18.79,€
9829,6179891,charcutaria-e-queijos,Queijo Fresco Longa Duração,0.23,KG,2.25,9.78,€
9830,6914609,charcutaria-e-queijos,Pepperoni Fatias,0.08,KG,3.69,46.13,€
9831,5031534,charcutaria-e-queijos,Fiambre Peito de Frango Forno a Lenha Fatias Clássicas,0.12,KG,2.99,24.92,€
9832,6759599,charcutaria-e-queijos,Linguiça,0.15,KG,2.85,19.00,€
9833,4054566,charcutaria-e-queijos,Queijo Mozzarella e Emmental para Pizza Ralado,0.15,KG,2.63,17.53,€
9834,4521970,charcutaria-e-queijos,Bacon Fumado Nacos de Arganil,0.25,KG,4.39,17.56,€
9835,7694491,charcutaria-e-queijos,Queijo Flamengo Quarto,0.35,KG,3.85,11.00,€
9836,5158862,charcutaria-e-queijos,Chouriça Tradicional,0.18,KG,3.79,21.06,€
9837,7056710,charcutaria-e-queijos,Chouriço Picante Corrente,0.25,KG,2.09,8.36,€
9838,7515340,charcutaria-e-queijos,Queijo Cheddar Mild Red,0.2,KG,3.19,15.95,€
9839,7497309,charcutaria-e-queijos,Queijo Burrata de Vaca,0.125,KG,3.0,24.00,€
9840,6319747,charcutaria-e-queijos,Barriga Fumada Forno a Lenha,0.15,KG,3.85,25.67,€
9841,7559111,charcutaria-e-queijos,Alheira de Aves,0.2,KG,1.49,7.45,€
9842,7156883,charcutaria-e-queijos,Presunto Fatiado,2.0,KG,3.45,21.56,€
9843,7558844,charcutaria-e-queijos,Salsichas Bratwurst,0.36,KG,3.99,11.08,€
9844,4821032,charcutaria-e-queijos,Queijo de Ovelha Azeitão DOP,0.23,KG,6.5,28.26,€
9845,7431952,charcutaria-e-queijos,Queijo de Cabra Cunha,0.25,KG,3.95,15.80,€
9846,5009658,charcutaria-e-queijos,Anchovas com Azeite Virgem Extra,0.1,KG,4.39,43.90,€
9847,5039008,charcutaria-e-queijos,Presunto Quartos,0.62,UN,8.99,5.57,€
9848,7708138,charcutaria-e-queijos,Queijo Fundido Light Porções,0.125,KG,1.58,12.64,€
9849,6490612,charcutaria-e-queijos,Fiambre Italiano,0.1,KG,3.69,36.90,€
9850,4861880,charcutaria-e-queijos,Queijo de Cabra,2.0,KG,4.04,20.20,€
9851,5703784,charcutaria-e-queijos,Queijo Flamengo sem Lactose Fatiado,0.15,KG,2.44,16.27,€
9852,6683336,charcutaria-e-queijos,Chouriço da Guarda,0.2,KG,2.69,13.45,€
9853,5243286,charcutaria-e-queijos,Presunto Espanhol Fatiado no Balcão,0.1,UN,23.89,2.39,€
9854,6590329,charcutaria-e-queijos,Presunto Fumado Floresta Negra,0.08,KG,1.39,17.38,€
9855,6297976,charcutaria-e-queijos,Chouriço de Porco Preto,0.15,KG,2.29,15.27,€
9856,7064635,charcutaria-e-queijos,Salsichas Tipo Brasileiras Churrasco,0.2,KG,3.09,15.45,€
9857,7484289,charcutaria-e-queijos,Queijo de Ovelha Amanteigado de Seia,0.5,KG,9.42,18.84,€
9858,5195143,charcutaria-e-queijos,Presunto Mini Cubos,2.0,KG,2.19,18.25,€
9859,6626282,charcutaria-e-queijos,Fiambre Peito de Peru Teor de Sal Reduzido Fatias Finas,0.11,KG,2.19,19.91,€
9860,4054565,charcutaria-e-queijos,Queijo 4 Queijos Ralado,0.15,KG,2.63,17.53,€
9861,6947035,charcutaria-e-queijos,Queijo Cremoso de Cabra,0.1,KG,1.87,18.70,€
9862,2116395,charcutaria-e-queijos,Salame Extra Fatiado no Balcão,0.1,UN,20.99,2.10,€
9863,7310427,charcutaria-e-queijos,Fiambre Perna Extra Baixo teor de sal,0.2,KG,2.29,11.45,€
9864,5111063,charcutaria-e-queijos,Queijo Creme Fresco com Salmão para Barrar,0.15,KG,2.34,15.60,€
9865,5584136,charcutaria-e-queijos,Queijo Gouda Fatiado 8 Meses de Cura,0.125,KG,3.66,29.28,€
9866,7449598,charcutaria-e-queijos,Azeitona Siciliana,0.15,KG,2.99,19.93,€
9867,5968220,charcutaria-e-queijos,Queijo Feta DOP sem Lactose,0.15,KG,3.76,25.07,€
9868,6419275,charcutaria-e-queijos,Queijo Gouda Fatiado,0.15,KG,1.49,9.93,€
9869,4360958,charcutaria-e-queijos,Salsichas Frankfurt Original,0.14,KG,1.39,9.93,€
9870,5254717,charcutaria-e-queijos,Moira de Lamego,0.18,KG,1.69,9.39,€
9871,7455630,charcutaria-e-queijos,Queijo Brie sem Lactose,0.125,KG,3.1,24.80,€
9872,7323826,charcutaria-e-queijos,"Tábua Lombo, Cachaço e Paio Fatiados",0.08,KG,2.39,29.88,€
9873,7402214,charcutaria-e-queijos,Fatiado Vegan,0.16,KG,2.59,16.19,€
9874,4283722,charcutaria-e-queijos,Queijo de Cabra,2.0,KG,4.61,23.05,€
9875,7656234,charcutaria-e-queijos,Salame Spianata,0.1,KG,3.59,35.90,€
9876,6759660,charcutaria-e-queijos,Chouriço Sabor Português,0.4,KG,4.15,10.38,€
9877,4861884,charcutaria-e-queijos,Queijo S. Jorge DOP 4 Meses de Cura,0.35,KG,4.61,13.17,€
9878,2531683,charcutaria-e-queijos,Queijo Creme Camembert para Barrar,0.125,KG,2.44,19.52,€
9879,7515408,charcutaria-e-queijos,Rolo de Queijo Creme com Cebolinho,0.1,KG,1.4,14.00,€
9880,5679052,charcutaria-e-queijos,Fiambre de Peito de Peru Grelhado Fatiado no Balcão,0.1,UN,23.89,2.39,€
9881,7515407,charcutaria-e-queijos,Rolo de Queijo Creme com Ananás e Amêndoa,0.1,KG,1.4,14.00,€
9882,4922856,charcutaria-e-queijos,Queijo Raclette,0.4,KG,4.33,10.83,€
9884,4994630,charcutaria-e-queijos,Azeitona Verde com Queijo,0.15,KG,3.99,26.60,€
9885,6626283,charcutaria-e-queijos,Fiambre Peito de Frango Forno a Lenha,0.11,KG,2.49,22.64,€
9886,2555563,charcutaria-e-queijos,Queijo Fresco Médio Magro,0.18,KG,1.68,8.40,€
9887,7681927,charcutaria-e-queijos,Chouriço 50% Ibérico Fatiado,0.09,KG,2.69,29.89,€
9888,7695001,charcutaria-e-queijos,Queijo de Vaca Amanteigado,0.4,KG,4.99,12.47,€
9889,7477231,charcutaria-e-queijos,Alheira de Caça,0.2,KG,1.65,8.25,€
9890,7182969,charcutaria-e-queijos,Salsichas de Porco Preto,0.4,UN,12.99,5.20,€
9891,2163840,charcutaria-e-queijos,Queijo Roquefort,0.1,KG,3.25,32.50,€
9892,7431942,charcutaria-e-queijos,Queijo Rolo de Vaca,0.14,KG,1.59,11.36,€
9893,7708145,charcutaria-e-queijos,Queijo Fundido Porções,0.125,KG,1.58,12.64,€
9894,6490730,charcutaria-e-queijos,Presunto Parma 24 Meses de Cura,0.08,KG,6.19,77.38,€
9895,7684718,charcutaria-e-queijos,Queijinho de Ovelha Amanteigado Seia,0.3,KG,4.79,21.77,€
9896,7630936,charcutaria-e-queijos,Presunto de Porco Bísaro 24 Meses de Cura,0.08,KG,5.99,74.88,€
9897,4613390,charcutaria-e-queijos,Queijo Creme Brie para Barrar,0.125,KG,2.44,19.52,€
9898,6308080,charcutaria-e-queijos,Alheira de Mirandela,0.2,KG,2.19,10.95,€
9899,7083529,charcutaria-e-queijos,Chouriço Mouro da Guarda,0.2,KG,1.99,9.95,€
9900,7673733,charcutaria-e-queijos,Salsicha Crioulo de Frango,0.36,KG,3.15,8.75,€
9901,6303867,charcutaria-e-queijos,Fiambre Dinamarquês Fatiado no Balcão,0.1,UN,18.69,1.87,€
9902,6428132,charcutaria-e-queijos,Salsichas Aves,0.36,KG,3.39,9.42,€
9903,7618549,charcutaria-e-queijos,Tábua de Charcutaria Italiana com Queijo,0.14,KG,6.59,47.07,€
9904,7197069,charcutaria-e-queijos,Queijo Parmigiano Reggiano DOP Ralado,0.09,KG,3.1,34.44,€
9905,4313152,charcutaria-e-queijos,Queijo de Cabra,0.23,KG,7.25,31.52,€
9906,6506903,charcutaria-e-queijos,Queijo Chévre Biológico,0.18,KG,3.76,20.89,€
9907,2965697,charcutaria-e-queijos,Queijo de Cabra Atabafado,0.18,KG,4.7,26.11,€
9908,7628257,charcutaria-e-queijos,Queijo Feta,0.15,KG,3.0,20.00,€
9910,7497310,charcutaria-e-queijos,Queijo Burrata de Vaca,0.2,KG,4.7,23.50,€
9911,7497308,charcutaria-e-queijos,Queijo de Cabra,0.3,KG,5.8,19.33,€
9912,6297546,charcutaria-e-queijos,Chouriço de Porco Preto de Barrancos,0.18,KG,3.79,21.06,€
9913,7324625,charcutaria-e-queijos,Queijo Gorgonzola DOP,0.2,KG,4.04,20.20,€
9914,7660290,charcutaria-e-queijos,Creme para Barrar com Chalotas e Cebolinho,0.13,KG,1.99,15.31,€
9915,7527068,charcutaria-e-queijos,Tábua de Sabores 3 Queijos,0.27,KG,5.65,20.93,€
9916,4838795,charcutaria-e-queijos,Queijo Serra da Estrela DOP,0.5,KG,13.57,27.14,€
9917,6308146,charcutaria-e-queijos,Chouriço de Carne de Seia,0.18,KG,2.99,16.61,€
9918,6716602,charcutaria-e-queijos,Queijo Mozzarella Crocante,0.15,KG,3.32,22.13,€
9919,7681926,charcutaria-e-queijos,Paio de Lombo 50% Ibérico Fatiado,0.09,KG,4.69,52.11,€
9920,5564243,charcutaria-e-queijos,Patê de Pato com Vinho do Porto,0.055,KG,1.19,21.64 ,€
9921,6032307,charcutaria-e-queijos,Requeijão Serra da Estrela DOP,0.2,KG,2.06,10.30,€
9922,5895804,charcutaria-e-queijos,Queijo Feta Biológico,0.18,KG,4.7,26.11,€
9923,7620170,charcutaria-e-queijos,Requeijão de Mistura,0.25,KG,1.68,6.72,€
9924,4047869,charcutaria-e-queijos,Queijo Creme para Barrar Flamengo,0.125,KG,1.97,15.76,€
9925,5606143,charcutaria-e-queijos,Presunto Nacos,0.25,KG,3.29,13.16,€
9926,7048011,charcutaria-e-queijos,Chouriço Extra,0.07,KG,2.59,37.00,€
9927,7295971,charcutaria-e-queijos,Fiambre Peito de Frango Baixo teor de Sal,0.15,KG,2.59,17.27,€
9928,7190579,charcutaria-e-queijos,Queijo de Cabra Fresco,2.0,KG,3.76,11.06,€
9929,6543489,charcutaria-e-queijos,Fatias Vegetarianas com Legumes,0.1,KG,2.19,21.90,€
9930,4893505,charcutaria-e-queijos,Queijo de Mistura,2.0,KG,3.57,19.83,€
9931,5009656,charcutaria-e-queijos,Biqueirão em Azeite Virgem Extra,0.12,KG,4.89,48.90,€
9932,2829542,charcutaria-e-queijos,Queijo de Mistura Pequeno,0.09,KG,1.5,16.67,€
9933,2116793,charcutaria-e-queijos,Queijo Prato,0.8,UN,10.74,6.44,€
9934,7679957,charcutaria-e-queijos,Queijos Cremosos Fundidos para Barrar,0.45,KG,5.65,12.56,€
9935,5719763,charcutaria-e-queijos,Bacon Extra Fatiado no Balcão,0.1,UN,25.39,2.54,€
9936,7522427,charcutaria-e-queijos,Fiambre da Perna Extra Braseado,0.12,KG,2.39,19.92,€
9937,6970341,charcutaria-e-queijos,Queijo Gouda Fatiado,2.0,KG,8.1,10.13,€
9938,7488096,charcutaria-e-queijos,Presunto Fatiado Biológico,0.09,UN,4.59,51.00,€
9939,7483287,charcutaria-e-queijos,Fiambre de Peru com Trufas e Cogumelos Boletus,0.12,KG,3.19,26.58,€
9940,7696350,charcutaria-e-queijos,Queijo Fresco de Cabra Longa Duração,0.125,KG,2.25,18.00,€
9941,7694720,charcutaria-e-queijos,Queijo Burrata de Vaca com Trufas,0.125,KG,3.38,27.04,€
9942,7064634,charcutaria-e-queijos,Salsichas Clássicas Churrasco,0.2,KG,3.09,15.45,€
9943,6679275,charcutaria-e-queijos,Painho Alentejano Fatias,0.08,KG,1.99,24.88,€
9944,5166988,charcutaria-e-queijos,Morcela Cozer do Fundão,0.2,KG,2.05,10.25,€
9946,6009345,charcutaria-e-queijos,Chouriço de Peru,0.18,KG,3.99,22.17,€
9947,5076307,charcutaria-e-queijos,Salsichas de Frango Frankfurt,0.14,KG,1.39,9.93,€
9948,7673735,charcutaria-e-queijos,Salsicha Crioulo de Porco com Picante,0.35,KG,2.69,7.69,€
9949,7413508,charcutaria-e-queijos,Salsichas Frescas Porco Preto Sabores do Mediterrâneo,0.43,KG,5.39,12.53,€
9950,7462074,charcutaria-e-queijos,Queijo Flamengo Proteína Fatiado,0.18,KG,2.55,14.17,€
9951,7193539,charcutaria-e-queijos,Presunto Ibérico Fatiado 24 Meses de Cura,0.08,KG,5.99,74.88,€
9953,7048328,charcutaria-e-queijos,Salame All Natural Fatiado,0.07,KG,2.59,37.00,€
9954,6130969,charcutaria-e-queijos,Requeijão de Cabra,0.17,KG,2.34,13.76,€
9955,5474477,charcutaria-e-queijos,Fuet Nobreza,0.2,KG,3.49,17.45,€
9958,6589989,charcutaria-e-queijos,Queijo Parmigiano Reggiano Biológico,0.15,KG,6.59,43.93,€
9959,4615459,charcutaria-e-queijos,Fuet Artesano,0.17,KG,3.49,21.81,€
9960,7713451,charcutaria-e-queijos,Queijo de Cabra Curado,0.225,KG,5.65,25.11,€
9961,6441887,charcutaria-e-queijos,Presunto Quartos,0.5,KG,8.39,16.78,€
9962,3854178,charcutaria-e-queijos,Queijo de Ovelha Amanteigado Seia,0.45,KG,9.42,20.93,€
9963,2891481,charcutaria-e-queijos,Queijo de Mistura,0.25,KG,3.76,15.04,€
9964,5238294,charcutaria-e-queijos,Salsicha de Peru Frankfurt,0.14,KG,1.39,9.93,€
9965,7052833,charcutaria-e-queijos,Queijo da Ilha Graciosa Cunha,0.28,KG,4.23,15.11,€
9966,7637619,charcutaria-e-queijos,Queijo de Ovelha Fundido,0.125,KG,1.99,15.92,€
9967,5707012,charcutaria-e-queijos,Queijo Gruyère  Porções,0.16,UN,29.51,4.72,€
9968,7186671,charcutaria-e-queijos,Queijo Camembert de Búfala,0.25,KG,4.61,18.44,€
9969,5807845,charcutaria-e-queijos,Salmão Fumado da Noruega Eco Biológico,0.08,KG,7.99,99.88,€
9970,5564279,charcutaria-e-queijos,Patê com Pimenta Verde,0.055,KG,1.19,21.64,€
9971,7083389,charcutaria-e-queijos,Chouriço de Cura 100 % Natural,0.2,KG,4.29,21.45,€
9972,5500314,charcutaria-e-queijos,Salsichão Fatiado,0.08,KG,1.99,24.88,€
9973,4796734,charcutaria-e-queijos,Queijo de Ovelha Castelo Branco DOP,0.5,KG,8.66,17.32,€
9974,7545506,charcutaria-e-queijos,Requeijão de Ovelha de Serpa,0.15,KG,2.44,16.27,€
9975,7656232,charcutaria-e-queijos,Mortadela de Porco Italiana,0.1,KG,2.79,27.90,€
9976,6030145,charcutaria-e-queijos,Salsichas Nuremberger,0.3,KG,5.39,17.97,€
9977,6970313,charcutaria-e-queijos,Alheira de Vinhais,0.2,KG,1.99,9.95,€
9978,6619194,charcutaria-e-queijos,Paleta de Cebo 50% Ibérico,0.1,KG,5.99,59.90,€
9979,4831048,charcutaria-e-queijos,Queijo Nisa DOP,0.31,KG,6.59,21.26,€
9980,7638583,charcutaria-e-queijos,Lombo Curado Fatiado,0.1,KG,2.59,25.90,€
9981,6621912,charcutaria-e-queijos,Queijo Cortado,0.2,KG,4.7,23.50,€
9982,7494397,charcutaria-e-queijos,Fuet Extra com Trufas,0.15,KG,3.99,26.60,€
9984,6917883,charcutaria-e-queijos,Lombo de Salmão Fumado,0.15,KG,10.95,73.00,€
9985,7744595,charcutaria-e-queijos,Bloco Sabor a Camembert,0.15,KG,4.99,33.27,€
9987,7424103,charcutaria-e-queijos,Mix Salsichas Sabor Lusitano,0.54,UN,6.99,3.77,€
9988,7190479,charcutaria-e-queijos,Queijo Mascarpone,0.5,KG,3.19,6.38,€
9989,4051158,charcutaria-e-queijos,Torresmos Soltos,0.2,KG,2.49,12.45,€
9990,6297588,charcutaria-e-queijos,Farinheira de Porco Preto,0.18,KG,2.49,13.83,€
9991,5164740,charcutaria-e-queijos,Paio do Fundão,0.25,KG,4.49,17.96,€
9992,7499683,charcutaria-e-queijos,Sortido de Enchidos de Porco Bísaro,0.07,KG,2.99,42.71,€
9993,7640723,charcutaria-e-queijos,Presunto Chaves 12 Meses de Cura,0.09,KG,4.69,52.11,€
9994,5707450,charcutaria-e-queijos,Queijo Gouda Du Chef Porções,0.22,UN,13.1,2.62,€
9995,7211678,charcutaria-e-queijos,Queijo Brie Gourmet,0.2,KG,4.04,20.20,€
9996,5319017,charcutaria-e-queijos,Chouriço Picante da Guarda,0.2,KG,3.25,16.25,€
9997,7462069,charcutaria-e-queijos,Queijo Flamengo Fatiado,0.18,KG,2.55,14.17,€
9998,7627367,charcutaria-e-queijos,Queijo de Cabra Metades,0.58,KG,11.31,22.62,€
9999,7484295,charcutaria-e-queijos,Queijo Azul Bresse Blue,0.14,KG,3.72,26.57,€
10000,7048007,charcutaria-e-queijos,Salsichão Natural,0.07,KG,2.59,37.00,€
10001,4857073,charcutaria-e-queijos,Queijo de Ovelha Évora DOP,0.25,KG,5.17,27.21,€
10003,5248755,charcutaria-e-queijos,Queijo Meio Gordo sem Lactose,0.25,KG,3.95,15.80,€
10004,6419225,charcutaria-e-queijos,Queijo Edam Fatiado,0.15,KG,1.49,9.93,€
10005,4845954,charcutaria-e-queijos,Alheira de Lamego,0.2,KG,1.69,8.45,€
10006,7190581,charcutaria-e-queijos,Queijo de Cabra,0.16,KG,3.76,23.50,€
10007,6032316,charcutaria-e-queijos,Queijo da Serra da Estrela DOP,0.5,KG,14.14,28.28,€
10008,6543392,charcutaria-e-queijos,Chouriço de Carne,0.2,KG,3.29,16.45,€
10009,7106513,charcutaria-e-queijos,Queijo Mozzarella,0.125,KG,1.78,14.24,€
10010,5584186,charcutaria-e-queijos,Queijo Aperitivo,0.15,KG,3.76,25.07,€
10012,7190522,charcutaria-e-queijos,Queijo Cabra I'm Cheese,0.13,KG,4.23,32.54,€
10013,2163532,charcutaria-e-queijos,Queijo Médio,1.15,UN,13.19,15.17,€
10014,7418081,charcutaria-e-queijos,Tábua de Charcutaria Italiana Festiva,0.32,KG,11.99,37.47,€
10015,7064633,charcutaria-e-queijos,Salsichas de Peru Churrasco,0.2,KG,3.09,15.45,€
10016,6605956,charcutaria-e-queijos,Queijo Ralado DOP,0.15,KG,2.21,14.73,€
10017,7315659,charcutaria-e-queijos,Presunto Serrano Fatiado,0.08,KG,2.69,33.63,€
10018,7496227,charcutaria-e-queijos,Pérolas de Queijo com Framboesa,0.125,KG,2.53,20.24 ,€
10019,5726762,charcutaria-e-queijos,Queijo de Cabra Mini Seia,0.3,KG,5.65,18.83,€
10020,7323560,charcutaria-e-queijos,Chouriço de Carne Ponte de Lima,0.2,KG,3.59,17.95,€
10021,7325235,charcutaria-e-queijos,Chouriço Ibérico Fatias,0.075,KG,3.49,46.53,€
10022,4770498,charcutaria-e-queijos,Queijo de Ovelha Serpa DOP,0.2,KG,7.34,36.70,€
10023,5165496,charcutaria-e-queijos,Morcela para Assar do Fundão,0.2,KG,2.05,10.25,€
10024,5011692,charcutaria-e-queijos,Queijo da Ilha DOP de Cura,0.45,UN,15.08,6.79,€
10026,7443991,charcutaria-e-queijos,Queijo de Mistura Pimenta da Terra,0.5,UN,15.08,7.54,€
10027,5254693,charcutaria-e-queijos,Morcela de Arroz de Lamego,0.23,KG,1.99,8.65,€
10028,5111777,charcutaria-e-queijos,Queijo de Mistura Picante da Beira Baixa DOP Quarto,0.2,KG,4.7,23.50,€
10029,5165383,charcutaria-e-queijos,Morcela de Arroz do Fundão,0.2,KG,2.05,10.25,€
10030,7402216,charcutaria-e-queijos,Fatiado Vegan Sabor a Cheddar,0.16,KG,2.59,16.19,€
10031,7673439,charcutaria-e-queijos,Queijo Feta DOP,0.15,KG,3.0,20.00,€
10032,7413510,charcutaria-e-queijos,Salsichas Frescas Porco Preto com Ervas  Aromáticas Sabores da América Latina,0.43,KG,5.39,12.53,€
10034,5956734,charcutaria-e-queijos,Especialidade Vegetariana de Tofu Tipo Viena Biológica,0.3,KG,4.99,16.63,€
10035,7358339,charcutaria-e-queijos,Chouriço de Carne de Porco Preto,0.15,KG,2.59,17.27,€
10036,7323577,charcutaria-e-queijos,Chouriça de Cebola de Ponte de Lima,0.2,KG,3.29,16.45,€
10037,7539308,charcutaria-e-queijos,Salsicha de Aves Kinderwurst,0.4,KG,4.99,12.48,€
10038,7106551,charcutaria-e-queijos,Queijo Ricotta,0.25,KG,2.44,9.76,€
10040,4738643,charcutaria-e-queijos,Queijinho de Ovelha Seia,0.3,KG,5.65,25.11,€
10041,7323749,charcutaria-e-queijos,Paio Fatiado,0.08,KG,2.39,29.88,€
10042,7171531,charcutaria-e-queijos,Queijo de Ovelha,2.0,KG,3.95,43.89,€
10043,7630297,charcutaria-e-queijos,Queijo de Cabra Cura Especial Quarto,0.2,KG,5.65,28.25,€
10044,6683113,charcutaria-e-queijos,Salpicão do Lombo de Lamego,0.3,KG,6.89,22.97,€
10045,5053697,charcutaria-e-queijos,Chouriço Mouro de Arganil,0.25,KG,2.79,11.16,€
10046,2964687,charcutaria-e-queijos,Queijo de Cabra com Azeitonas e Orégãos,0.13,KG,3.29,25.31,€
10047,4469170,charcutaria-e-queijos,Salmão Marinado da Noruega,0.08,KG,7.99,99.88,€
10048,7199745,charcutaria-e-queijos,Lombinhos de Salmão,0.08,KG,6.89,86.13,€
10049,6683145,charcutaria-e-queijos,Paio Vermelho de Porco Preto Fatias,0.125,KG,4.49,35.92,€
10050,6009111,charcutaria-e-queijos,Chouriço de Frango,0.18,KG,3.99,22.17,€
10051,5053353,charcutaria-e-queijos,Salpicão de Arganil,0.35,KG,5.49,15.69,€
10052,7182861,charcutaria-e-queijos,Mortadela Bologna IGP Fatiada no Balcão,0.1,UN,16.29,1.63,€
10053,6621392,charcutaria-e-queijos,Bacalhau Fumado,0.08,KG,3.69,46.13,€
10054,5055960,charcutaria-e-queijos,Queijo Chévre,0.18,KG,4.33,24.06,€
10055,7527067,charcutaria-e-queijos,Tábua Clássica 3 Queijos,0.27,KG,5.64,20.89,€
10056,4051193,charcutaria-e-queijos,Torresmos Pedaços,0.3,UN,10.99,3.30,€
10057,5837083,charcutaria-e-queijos,Toucinho Fumado,0.28,UN,17.99,4.50,€
10058,7559036,charcutaria-e-queijos,Queijo de Vaca e Ovelha,0.45,KG,6.21,13.80,€
10059,2112222,charcutaria-e-queijos,Queijo de Ovelha Amanteigado Seia,1.0,UN,18.85,18.85 ,€
10060,7656236,charcutaria-e-queijos,Pancetta Magretta,0.1,KG,4.49,44.90,€
10061,6439780,charcutaria-e-queijos,Queijo de Vaca da Ilha Terceira,1.18,UN,13.66,16.12,€
10062,5561903,charcutaria-e-queijos,Queijo Puro de Cabra,0.17,KG,4.23,24.88,€
10063,7295663,charcutaria-e-queijos,Patê com Cebola Caramelizada,0.1,KG,2.39,23.90,€
10064,7295667,charcutaria-e-queijos,Patê com Ervas Finas,0.1,KG,2.39,23.90,€
10065,2766718,charcutaria-e-queijos,Salmão Fumado da Escócia,0.08,KG,7.99,99.88,€
10066,5357428,charcutaria-e-queijos,Queijo de Cabra com Alho e Ervas,0.13,KG,3.29,25.31,€
10067,7163485,charcutaria-e-queijos,Queijo Fresco de Cabra para Barrar,0.125,KG,2.25,18.00,€
10069,6430539,charcutaria-e-queijos,Queijo de Ovelha Curado Apimentado,0.15,KG,2.44,16.27,€
10070,6946762,charcutaria-e-queijos,Queijo Cremoso Ovelha,0.1,KG,1.87,18.70,€
10071,7413509,charcutaria-e-queijos,Salsichas Frescas Porco Preto com Orégãos Sabores Alentejanos,0.43,KG,5.39,12.53,€
10072,7474136,charcutaria-e-queijos,Farinheira de Porco Preto Alentejano,0.16,KG,2.19,13.69,€
10073,2816557,charcutaria-e-queijos,Queijo Snack de Vaca,0.18,KG,3.29,18.28,€
10074,7388888,charcutaria-e-queijos,Queijo de Ovelha Amanteigado,0.5,KG,9.42,18.84,€
10075,5185218,charcutaria-e-queijos,Morcela para Assar de Arganil,0.3,KG,2.99,9.97,€
10076,6621383,charcutaria-e-queijos,Atum fumado Noruega,0.08,KG,3.69,46.13,€
10077,7588180,charcutaria-e-queijos,Salsichas Vegan,0.2,KG,3.59,17.95,€
10078,7175009,charcutaria-e-queijos,Salsicha Crioula,0.4,KG,4.59,11.48,€
10079,7522343,charcutaria-e-queijos,Ralado Sabor a Cheddar e Mozzarella,0.15,KG,2.69,17.93,€
10080,6917858,charcutaria-e-queijos,Muxama de Atum,0.11,KG,5.69,51.73,€
10081,7656235,charcutaria-e-queijos,Fiambre Italiano Arrosto,0.1,KG,4.29,42.90,€
10082,4994683,charcutaria-e-queijos,Azeitona Verde Provençal,0.15,KG,3.99,26.60,€
10083,7329322,charcutaria-e-queijos,Chouriço Mouro Ponte de Lima,0.2,KG,3.29,16.45,€
10084,5042663,charcutaria-e-queijos,Queijo de Vaca,0.22,KG,3.76,17.09,€
10085,7627370,charcutaria-e-queijos,Queijo de Cabra Reserva,1.0,KG,10.55,23.44,€
10087,7620507,charcutaria-e-queijos,Queijo de Vaca Amanteigado,1.0,KG,10.36,13.81,€
10088,7323155,charcutaria-e-queijos,Queijo Pimentão,0.5,KG,7.06,14.12,€
10089,3717353,charcutaria-e-queijos,Barriga Fumada sem Costela,0.27,UN,31.19,8.42,€
10090,6625786,charcutaria-e-queijos,Fiambre da Perna Extra Fatiado Teor de Sal Reduzido,0.11,KG,2.19,19.91,€
10091,7630305,charcutaria-e-queijos,Queijo de Vaca Mistério do Pico Quarto,0.18,KG,3.1,17.22,€
10093,7466640,charcutaria-e-queijos,Requeijão de Ovelha Azeitão,0.2,KG,2.53,12.65,€
10094,7614722,charcutaria-e-queijos,Presunto Fatiado 15 Meses de Cura,0.1,KG,2.99,29.90,€
10095,6609812,charcutaria-e-queijos,Queijo Fresco de Vaca Light,0.2,KG,1.87,9.35,€
10096,7218726,charcutaria-e-queijos,Salpicão do Lombo,0.23,KG,4.99,21.70,€
10097,7705996,charcutaria-e-queijos,Queijo de Cabra Curado,0.47,KG,10.36,22.04,€
10099,5165854,charcutaria-e-queijos,Chouriço Mouro do Fundão,0.23,KG,2.39,10.39,€
10100,7324772,charcutaria-e-queijos,Queijo Gorgonzola DOP Picante,0.3,UN,17.91,5.37,€
10101,7435437,charcutaria-e-queijos,Farinheira de Porco,0.16,KG,1.69,10.56,€
10102,7453333,charcutaria-e-queijos,Presunto Ibérico Lascas,0.08,KG,6.99,87.38,€
10103,5573806,charcutaria-e-queijos,Queijo S. Jorge DOP 12 Meses de Cura,0.3,KG,6.97,23.23,€
10104,7618557,charcutaria-e-queijos,Tábua de Charcutaria Italiana com Azeitonas,0.16,KG,6.59,41.19,€
10105,7679951,charcutaria-e-queijos,Tábua Seleção 3 Queijos,0.25,KG,7.06,28.24,€
10106,6679662,charcutaria-e-queijos,Salpicão da Guarda,0.27,KG,4.29,15.89,€
10107,5551837,charcutaria-e-queijos,Foie Gras de Pato,0.15,KG,9.89,65.93,€
10109,5474376,charcutaria-e-queijos,Pernil Fumado,1.5,UN,9.29,13.94,€
10110,7673483,charcutaria-e-queijos,Guanciale em Cubos,0.09,KG,3.99,44.33,€
10111,7468717,charcutaria-e-queijos,Queijo Mon Petit Creamy,0.125,KG,4.23,33.84,€
10112,7329323,charcutaria-e-queijos,Farinheira Ponte de Lima,0.2,KG,2.29,11.45,€
10113,5462466,charcutaria-e-queijos,Patê de Carne,0.125,KG,1.99,15.92,€
10114,7081272,charcutaria-e-queijos,Queijo Meio Gordo,0.55,KG,7.53,13.69,€
10115,7696335,charcutaria-e-queijos,Patê de Lebre,0.18,KG,2.99,16.61,€
10116,7431371,charcutaria-e-queijos,Queijo da Ilha,0.3,KG,4.51,15.03,€
10117,5893845,charcutaria-e-queijos,Queijo Ralado,0.1,KG,2.53,25.30,€
10118,6543409,charcutaria-e-queijos,Chouriço Negro,0.2,KG,2.29,11.45,€
10119,7459459,charcutaria-e-queijos,Queijo de Cabra Semicurado,0.17,KG,5.65,33.24,€
10120,7329324,charcutaria-e-queijos,Salpicão Ponte Lima,0.25,KG,4.59,18.36,€
10121,7358498,charcutaria-e-queijos,Linguiça Fina de Porco Preto,0.18,KG,3.99,22.17,€
10122,6970311,charcutaria-e-queijos,Paio de Porco Preto,0.2,KG,6.79,33.95,€
10123,7514578,charcutaria-e-queijos,Queijo Gouda,0.3,UN,24.51,7.35,€
10124,7171534,charcutaria-e-queijos,Queijo de Ovelha com Sal,2.0,KG,3.95,43.89,€
10125,7323212,charcutaria-e-queijos,Queijo Gouda Pesto Vermelho,0.22,UN,23.57,4.71,€
10126,7696337,charcutaria-e-queijos,Patê de Javali,0.18,KG,2.99,16.61,€
10127,7627372,charcutaria-e-queijos,Queijo de Vaca e Ovelha Metades,0.45,KG,5.65,12.56,€
10128,6759593,charcutaria-e-queijos,Chouriço Sabor Português,0.2,KG,2.35,11.75,€
10129,7696338,charcutaria-e-queijos,Patê de Veado com Conhaque,0.18,KG,2.99,16.61,€
10130,2951560,charcutaria-e-queijos,Queijo Cocktail Aperifrais,0.1,KG,3.57,35.70,€
10131,7696339,charcutaria-e-queijos,Paté de Porco com Cogumelos,0.15,KG,1.89,12.60,€
10132,3041222,charcutaria-e-queijos,Queijo de Cabra,0.23,KG,5.08,22.09,€
10133,5136548,charcutaria-e-queijos,Queijo Amarelo da Beira Baixa DOP,0.45,KG,7.34,16.31,€
10134,6308151,charcutaria-e-queijos,Salpicão de Seia,0.28,KG,4.49,16.04,€
10135,7474086,charcutaria-e-queijos,Queijo de Ovelha Amanteigado de Seia,0.9,UN,16.87,15.18,€
10136,5835280,charcutaria-e-queijos,Queijo de Ovelha Azeitão DOP,0.25,KG,8.0,32.00,€
10137,6917879,charcutaria-e-queijos,Carpaccio de Salmão Fumado,0.1,KG,8.99,89.90,€
10138,2407652,charcutaria-e-queijos,Merendeira de Ovelha Amanteigada Seia,0.62,UN,18.85,11.69,€
10139,7435438,charcutaria-e-queijos,Chouriço de Porco Preto,0.15,KG,1.99,13.27,€
10140,5410264,charcutaria-e-queijos,Queijo de Ovelha Amanteigado,1.1,UN,17.91,19.70,€
10141,7499687,charcutaria-e-queijos,Chouriço Picante,0.22,KG,4.29,21.45,€
10142,7635704,charcutaria-e-queijos,Queijo Minas Frescal,0.45,KG,5.93,13.18,€
10143,7640136,charcutaria-e-queijos,Salsichas Wurstel Servelade,0.2,KG,4.49,22.45,€
10144,7325237,charcutaria-e-queijos,Salsichão Ibérico,0.075,KG,3.49,46.53,€
10145,6130973,charcutaria-e-queijos,Requeijão de Ovelha,0.17,KG,2.34,13.76,€
10146,7628254,charcutaria-e-queijos,Queijo Le Crémiot,0.2,KG,3.29,16.45,€
10147,7484307,charcutaria-e-queijos,Queijo Azul St Agur,0.125,KG,4.61,36.88,€
10148,7696336,charcutaria-e-queijos,Patê de Faisão com Armanhaque,0.18,KG,2.99,16.61,€
10149,7482850,charcutaria-e-queijos,Salmão Fumado Fatiado Ellusch,0.12,KG,8.39,69.92,€
10151,7358341,charcutaria-e-queijos,Toucinho do Lombo de Porco Preto,0.2,KG,1.69,8.45,€
10152,5879821,charcutaria-e-queijos,Queijo Ovelha sem Lactose,0.45,KG,10.36,23.02,€
10153,7295654,charcutaria-e-queijos,Patê com Pimenta Negra,0.1,KG,2.39,23.90,€
10154,5046443,charcutaria-e-queijos,Salame,0.1,KG,3.49,34.90,€
10155,5727303,charcutaria-e-queijos,Queijo de Ovelha Nisa DOP Metades,0.52,KG,14.14,27.19,€
10156,7324627,charcutaria-e-queijos,Queijo Gorgonzola DOP Picante,0.2,KG,4.23,21.15,€
10157,6679691,charcutaria-e-queijos,Farinheira da Guarda,0.2,KG,1.99,9.95,€
10158,7628234,charcutaria-e-queijos,Queijo La Brique,0.2,KG,3.1,15.50,€
10159,4740985,charcutaria-e-queijos,Queijo de Ovelha e Cabra,0.9,UN,16.02,14.42,€
10160,6741887,charcutaria-e-queijos,Lombo de Porco Preto Fatias,0.12,KG,7.49,62.42,€
10161,7696334,charcutaria-e-queijos,Patê de Porco,0.15,KG,1.89,12.60,€
10162,6000576,charcutaria-e-queijos,Queijo de Cabra,0.7,UN,19.7,13.79,€
10163,6621272,charcutaria-e-queijos,Tâmaras com Bacon,2.0,KG,4.29,28.60,€
10164,7453380,charcutaria-e-queijos,Merendeira de Ovelha,0.56,UN,20.74,10.37,€
10165,7398619,charcutaria-e-queijos,Queijo Cortado,0.2,KG,4.7,23.50,€
10166,7559038,charcutaria-e-queijos,Queijo de Vaca,0.45,KG,4.7,10.44,€
10167,7324771,charcutaria-e-queijos,Queijo Gorgonzola DOP,0.32,UN,17.44,5.58,€
10168,7484562,charcutaria-e-queijos,Queijo Fundido com Nozes,0.125,KG,4.14,33.12,€
10169,7626251,charcutaria-e-queijos,Bolinhas de Alheira de Caça,8.0,KG,2.69,13.45,€
10170,7096810,charcutaria-e-queijos,Queijo de Vaca e Ovelha Amanteigado,0.4,KG,5.93,14.83,€
10171,7453332,charcutaria-e-queijos,Paleta Ibérica Lascas,0.09,KG,6.99,77.67,€
10172,5649275,charcutaria-e-queijos,Alheira Tradicional,0.18,KG,2.75,15.28,€
10173,6679695,charcutaria-e-queijos,Toucinho do Lombo de Porco,0.2,KG,1.99,9.95,€
10174,7723305,charcutaria-e-queijos,Fiambre da Perna Extra Forno Lenha Fatias Finas,0.11,KG,2.49,22.64,€
10175,7706395,charcutaria-e-queijos,Mini Snacks de Salsichão com Queijo Roquefort e Noz,0.075,KG,3.49,46.53,€
10176,7365354,charcutaria-e-queijos,Merendeira de Ovelha Amanteigada,0.5,KG,9.89,19.78,€
10177,6541410,charcutaria-e-queijos,Farinheira de Almoster,0.2,KG,2.09,€10.45, 
10178,5632612,charcutaria-e-queijos,Queijo Puro de Cabra com Orégãos,0.17,KG,4.23,24.88,€
10180,7630302,charcutaria-e-queijos,Queijo de Nisa DOP,0.225,KG,5.65,25.11,€
10181,6926248,charcutaria-e-queijos,Salsichão Extra,0.1,KG,2.45,24.50,€
10182,7484298,charcutaria-e-queijos,Queijo Saint André,0.2,KG,5.61,28.05,€
10183,7171528,charcutaria-e-queijos,Merendeira de Ovelha,0.18,KG,4.14,27.60,€
10184,7484321,charcutaria-e-queijos,Queijo de Vaca Chaumes,0.25,KG,6.87,27.48,€
10185,5889120,charcutaria-e-queijos,Merendeira Serpa DOP,0.2,KG,7.82,39.10,€
10186,5270081,charcutaria-e-queijos,Painho de Porco Preto de Campo,0.3,KG,11.19,37.30,€
10187,7520317,charcutaria-e-queijos,Queijo Saint Marcellin IGP,0.08,KG,2.63,32.88,€
10188,5671891,charcutaria-e-queijos,Alheira de Galo,0.18,KG,3.25,18.06,€
10189,5130194,charcutaria-e-queijos,Lombo e Cachaço de Vinha Alhos,0.15,KG,3.15,21.00,€
10190,7056683,charcutaria-e-queijos,Salsichão de Porco Preto de Barrancos,0.2,KG,5.39,26.95,€
10191,7484296,charcutaria-e-queijos,Queijo Boursault Cremoso,0.18,KG,4.61,25.61,€
10192,6439733,charcutaria-e-queijos,Chouriço de Carne,0.2,KG,3.99,19.95,€
10193,7626252,charcutaria-e-queijos,Salsichão Ibérico,0.1,KG,3.99,39.90,€
10195,5707451,charcutaria-e-queijos,Queijo Alemão com Presunto Porções,0.23,UN,19.23,4.42,€
10196,7705994,charcutaria-e-queijos,Queijo de Mistura Curado,0.47,KG,9.89,21.04,€
10198,6917860,charcutaria-e-queijos,Atum com Molho de Alho,0.11,KG,4.99,45.36 ,€
10199,7640141,charcutaria-e-queijos,Salame Schiacciata Picante Fatiado,0.08,KG,4.29,53.63,€
10200,5589769,charcutaria-e-queijos,Queijo de Mistura Pequeno,0.21,KG,5.65,26.90,€
10201,7599265,charcutaria-e-queijos,Cachaço de Porco Fatiado,0.07,KG,3.85,55.00,€
10202,5172857,charcutaria-e-queijos,Linguiça de Lamego,0.18,KG,2.99,16.61,€
10203,5053311,charcutaria-e-queijos,Paio do Lombo de Arganil,0.35,KG,7.15,20.43,€
10204,5270138,charcutaria-e-queijos,Chouriço de Porco Preto de Campo,0.2,KG,5.09,25.45,€
10205,7600179,charcutaria-e-queijos,Paleta de Porco Bísaro,0.07,KG,4.19,59.86,€
10206,6297534,charcutaria-e-queijos,Paio de Porco Preto,0.2,KG,4.99,24.95,€
10207,6411753,charcutaria-e-queijos,Queijo S. Jorge DOP 7 Meses de Cura,0.4,KG,6.4,16.00,€
10208,7650274,charcutaria-e-queijos,Chistorritas,2.0,KG,4.29,28.60,€
10209,7286823,charcutaria-e-queijos,Queijo de Ovelha Amanteigado,0.5,KG,12.82,25.64,€
10210,6527344,charcutaria-e-queijos,Creme Amêndoa com Cebolinho Biológico,0.18,KG,3.79,21.06,€
10211,6683144,charcutaria-e-queijos,Copita de Porco Preto Fatias,0.12,KG,5.49,45.75,€
10212,2505497,charcutaria-e-queijos,Queijo da Ilha,1.0,UN,13.19,13.19,€
10213,6646132,charcutaria-e-queijos,Presunto Naco,0.48,KG,7.99,17.76,€
10214,7705995,charcutaria-e-queijos,Queijo de Cabra Curado,0.47,KG,11.59,24.66 ,€
10215,7467175,charcutaria-e-queijos,Paio Vermelho de Porco Preto,0.1,UN,24.95,2.50,€
10216,7740988,charcutaria-e-queijos,Cabaz nº14,1.0,KG,49.99,49.99,€
10217,7673641,charcutaria-e-queijos,Queijo de Ovelha Amanteigado,0.5,KG,10.83,21.66,€
10218,7523064,charcutaria-e-queijos,Queijo de Cabra Apimentado,0.8,UN,16.5,13.20,€
10219,7484309,charcutaria-e-queijos,Queijo Brebiou,0.18,KG,5.61,31.17,€
10220,6970316,charcutaria-e-queijos,Salpicão de Porco de Bragança,0.2,KG,4.99,24.95,€
10221,7496226,charcutaria-e-queijos,Pérolas de Queijo com Figo,0.125,KG,2.53,20.24,€
10222,6283477,charcutaria-e-queijos,Queijo Gouda com Ervas,0.48,UN,18.76,9.00,€
10223,7424585,charcutaria-e-queijos,Queijo Cheddar Vintage,0.22,UN,23.57,4.24,€
10224,4735193,charcutaria-e-queijos,Queijo de Ovelha Amanteigado,0.4,KG,13.19,29.31,€
10225,7589020,charcutaria-e-queijos,Cabaz nº 2,1.0,KG,15.99,15.99,€
10226,7673642,charcutaria-e-queijos,Queijo de Ovelha Amanteigado,0.9,UN,18.85,16.97,€
10227,6051979,charcutaria-e-queijos,Queijo de Cabra Rústico Metades,0.5,KG,11.31,22.62,€
10228,7632793,charcutaria-e-queijos,Cabaz nº 11,1.0,KG,39.99,39.99,€
10229,7696340,charcutaria-e-queijos,Foie Gras de Pato,0.13,KG,11.99,92.23,€
10230,2533115,charcutaria-e-queijos,Presunto Inteiro com Osso,6.87,UN,7.69,52.83,€
10232,7640142,charcutaria-e-queijos,Coppa Stagionata Fatiado,0.08,KG,4.59,57.38,€
10233,7066241,charcutaria-e-queijos,Foie Gras de Pato,0.125,KG,18.99,151.92,€
10234,7632799,charcutaria-e-queijos,Cabaz nº 17,1.0,KG,134.99,134.99,€
10235,5893745,charcutaria-e-queijos,Queijo Ovelha,0.45,KG,11.31,25.13,€
10236,7421966,charcutaria-e-queijos,Queijo Cabra Atabafado de Pimenta Rosa,0.18,KG,4.7,26.11,€
10237,7650341,charcutaria-e-queijos,Ameixas com Bacon,2.0,KG,4.69,31.27,€
10238,7628235,charcutaria-e-queijos,Queijo Coulommiers,0.35,KG,4.7,13.43,€
10239,7589023,charcutaria-e-queijos,Cabaz nº 13,1.0,KG,47.99,47.99,€
10240,7589022,charcutaria-e-queijos,Cabaz nº 7,1.0,KG,31.99,31.99,€
10241,7589024,charcutaria-e-queijos,Cabaz nº 15,1.0,KG,63.99,63.99,€
10244,6395958,charcutaria-e-queijos,Chouriço de Cebola,0.18,KG,3.79,21.06,€
10245,6778939,charcutaria-e-queijos,Queijo de Ovelha Amanteigado,0.4,KG,8.95,22.38,€
10246,7484308,charcutaria-e-queijos,Queijo de Cabra Cabrissac Com Cinza,0.15,KG,5.27,35.13,€
10247,7523061,charcutaria-e-queijos,Queijo de Cabra Curado,1.0,UN,16.5,16.50,€
10248,6950358,peixaria-e-talho,Peito de Frango em Vácuo,2.2,UN,6.09,13.40,€
10249,3738132,peixaria-e-talho,Porções de Salmão Ultracongelado,0.5,KG,15.99,31.98,€
10250,4405983,peixaria-e-talho,Posta de Salmão Fresca,0.5,UN,15.99,4.00,€
10251,4460224,peixaria-e-talho,Bife de Peru,0.8,UN,7.53,6.02,€
10252,4636366,peixaria-e-talho,Dourada Média Fresca,0.5,UN,6.12,3.06,€
10253,7430620,peixaria-e-talho,Preparado de Carne Picada de Bovino,0.9,KG,8.29,9.21,€
10254,6661780,peixaria-e-talho,Porção de Salmão Fresco,0.3,KG,2.99,19.93,€
10255,6152476,peixaria-e-talho,Preparado de Carne Picada de Bovino,0.4,KG,5.29,13.23,€
10256,7291007,peixaria-e-talho,Bacalhau Desfiado MSC Demolhado Ultracongelado,0.5,KG,5.65,11.30,€
10257,2588815,peixaria-e-talho,Lombinhos de Porco,0.63,UN,6.99,4.40,€
10258,7291113,peixaria-e-talho,Lombos de Bacalhau da Noruega MSC Demolhado Ultracongelados,0.8,KG,11.78,14.73,€
10259,3727996,peixaria-e-talho,Medalhões de Pescada do Cabo Ultracongelados,1.0,KG,11.99,11.99,€
10260,7069743,peixaria-e-talho,Coxa de Frango,1.0,UN,5.46,5.46,€
10261,4285344,peixaria-e-talho,Bifanas de Porco,1.0,UN,5.08,5.08,€
10262,7482871,peixaria-e-talho,Salmão Fumado Noruega,0.2,KG,6.49,32.45,€
10263,7291126,peixaria-e-talho,Lombos de Bacalhau MSC Demolhado Ultracongelados,0.6,KG,14.14,23.57,€
10264,6635820,peixaria-e-talho,Lombos de Salmão ASC Ultracongelado,0.5,KG,13.49,26.98,€
10265,7156302,peixaria-e-talho,Lombos de Salmão Ultracongelado,0.25,KG,6.49,25.96,€
10266,4750959,peixaria-e-talho,Miolo de Camarão 80/100 Ultracongelado,0.25,KG,3.49,13.96,€
10267,5640759,peixaria-e-talho,Filetes de Pescada Congelados,1.0,KG,6.79,6.79,€
10268,7071900,peixaria-e-talho,Escalopes de Peru Extrafinos,0.9,UN,8.95,8.06,€
10269,6950357,peixaria-e-talho,Perna de Frango em Vácuo,2.15,UN,2.82,6.06,€
10270,7530198,peixaria-e-talho,Filetes de Robalo Frescos,0.24,KG,2.29,19.08,€
10271,6245680,peixaria-e-talho,Hambúrguer de Bovino com Picanha,0.48,KG,5.59,11.65,€
10272,7069741,peixaria-e-talho,Perninha de Frango,0.9,UN,4.7,4.23,€
10273,5934282,peixaria-e-talho,Tranches de Salmão Selvagem MSC Ultracongelado,0.44,KG,14.99,34.07,€
10274,4234958,peixaria-e-talho,Frango Inteiro,1.5,UN,2.34,3.51,€
10275,4785427,peixaria-e-talho,Lulas Limpas Ultracongeladas,1.0,KG,12.99,12.99,€
10276,6635822,peixaria-e-talho,Lombos de Salmão ASC Ultracongelado,0.25,KG,6.69,26.76,€
10277,2632478,peixaria-e-talho,Mimos de Pescada Ultracongelada,0.36,KG,3.29,9.14,€
10278,7530498,peixaria-e-talho,Jardineira de Novilho no Balcão,0.6,UN,8.45,5.07,€
10279,6152478,peixaria-e-talho,Almôndegas de Bovino,0.4,KG,4.89,12.23,€
10280,7415730,peixaria-e-talho,Filetes de Robalo ASC Ultracongelado,0.2,KG,5.99,29.95,€
10282,7530187,peixaria-e-talho,Filetes de Dourada Frescos,0.24,KG,2.16,18.00,€
10283,2147601,peixaria-e-talho,Dourada Grande Fresca,0.7,UN,6.59,4.61,€
10284,6244478,peixaria-e-talho,Espetadas de Peru,0.58,UN,6.69,3.88,€
10285,6152482,peixaria-e-talho,Preparado de Carne Picada Mista,0.4,KG,3.99,9.98,€
10286,2147671,peixaria-e-talho,Robalo Médio Fresco,0.5,UN,7.49,3.37,€
10287,2231360,peixaria-e-talho,Rojões de Porco,0.6,UN,5.08,3.05,€
10288,5182090,peixaria-e-talho,Costeletas do Cachaço de Porco,0.65,UN,5.08,3.30,€
10289,5014116,peixaria-e-talho,Mimos de Pescada do Cabo Ultracongelados,1.0,KG,9.42,9.42,€
10290,7082480,peixaria-e-talho,Hambúrguer 100% Carne de Novilho Angus,0.3,KG,3.48,11.60,€
10291,7325792,peixaria-e-talho,Hambúrguer 100% Carne de Bovino Angus Chakall Congelado,0.64,KG,6.87,10.73,€
10292,7430640,peixaria-e-talho,Bacalhau Desfiado Congelado,0.85,KG,8.47,9.96,€
10293,6870577,peixaria-e-talho,Lombo de Novilho Fatiado no Balcão,0.54,UN,25.46,4.58,€
10294,5691213,peixaria-e-talho,Miolo de Camarão Grande 40/60 Ultracongelado,0.2,KG,4.29,21.45,€
10295,7463420,peixaria-e-talho,Postas Médias de Bacalhau MSC Demolhado Ultracongeladas,1.2,KG,9.42,7.85,€
10296,4234964,peixaria-e-talho,Frango Inteiro,2.8,UN,2.34,6.55,€
10297,7291496,peixaria-e-talho,Paloco do Pacífico MSC Desfiado Demolhado Ultracongelado,0.5,KG,3.99,7.98,€
10298,2202524,peixaria-e-talho,Bacalhau Crescido 1ª Noruega Seco,1.6,UN,9.89,15.82,€
10299,6408174,peixaria-e-talho,Rolo de Carne de Porco com Queijo e Fiambre,1.05,UN,7.49,7.86,€
10300,5734326,peixaria-e-talho,Lombos de Bacalhau 9 Meses de Cura MSC Ultracongelados,0.55,KG,14.42,26.22,€
10301,2245742,peixaria-e-talho,Entremeada com Osso,1.0,UN,4.69,4.69,€
10302,4952133,peixaria-e-talho,Lombos de Pescada do Cabo Ultracongelados,0.4,KG,3.76,9.40,€
10303,7147180,peixaria-e-talho,Miolo de Camarão Selvagem 20/40 Congelado,0.4,KG,8.99,22.48,€
10304,2816831,peixaria-e-talho,Frango do Campo Inteiro Com Miúdos,2.43,UN,3.29,7.99,€
10305,7482853,peixaria-e-talho,Salmão Fumado Noruega,0.1,KG,3.69,36.90,€
10306,6364533,peixaria-e-talho,Lombos de Bacalhau Reserva MSC Gourmet Ultracongelados,1.0,KG,25.46,25.46,€
10307,6148726,peixaria-e-talho,Preparado de Carne Picada de Porco,0.4,KG,3.19,7.98,€
10308,5768468,peixaria-e-talho,Polvo Limpo Nacional Ultracongelado,1.0,KG,11.99,11.99,€
10309,4230946,peixaria-e-talho,Costeletas de Porco,0.98,UN,5.08,4.98,€
10310,7415729,peixaria-e-talho,Filetes de Dourada ASC Ultracongelada,0.2,KG,5.59,27.95,€
10311,2211943,peixaria-e-talho,Filetes de Pescada do Cabo Ultracongelados,0.4,KG,3.57,8.92,€
10312,3779616,peixaria-e-talho,Bifes de Atum Ultracongelados,0.4,KG,8.99,22.48,€
10313,4403147,peixaria-e-talho,Posta de Perca do Nilo Fresca,0.28,UN,8.89,2.49,€
10314,3765165,peixaria-e-talho,Camarão Vannamei Aquacultura 20/30 Congelado,0.4,UN,12.99,0.52,€
10315,4302565,peixaria-e-talho,Robalo Grande Fresco,0.7,UN,8.49,5.94,€
10316,6152474,peixaria-e-talho,Hambúrguer de Bovino,0.48,KG,5.29,11.02,€
10317,4738009,peixaria-e-talho,Pescada Média do Cabo MSC para Cozer Ultracongelada,0.6,KG,3.76,6.27,€
10318,5603614,peixaria-e-talho,Preparado de Carne Picada de Bovino Carnalentejana DOP,0.4,KG,6.49,16.23,€
10319,2751718,peixaria-e-talho,Entrecosto de Porco em Tiras,0.85,UN,6.99,5.94,€
10320,7744076,peixaria-e-talho,Almôndegas de Bovino Pack Poupança,0.9,KG,8.79,9.77,€
10321,7069739,peixaria-e-talho,Perna de Frango,1.0,UN,4.51,4.51,€
10322,7094127,peixaria-e-talho,Tentáculos de Pota Congelados,1.5,UN,6.99,10.49,€
10323,7411347,peixaria-e-talho,Bife da Vazia de Novilho,0.27,UN,17.44,4.71,€
10325,3687032,peixaria-e-talho,Perna de Peru em Vácuo,3.3,UN,3.29,10.86,€
10326,6130922,peixaria-e-talho,Lombos de Bacalhau 4 Meses de Cura MSC Ultracongelados,0.55,KG,11.59,21.07,€
10327,4734165,peixaria-e-talho,Coxa de Frango Congeladas,1.0,KG,3.69,3.69,€
10328,7530184,peixaria-e-talho,Lombo de Salmão Fresco,0.7,UN,21.99,15.39,€
10329,5734372,peixaria-e-talho,Bacalhau MSC Desfiado Congelado,0.4,KG,6.59,16.48,€
10330,4734159,peixaria-e-talho,Perninha de Frango Congelada,1.0,KG,3.76,3.76,€
10331,4490751,peixaria-e-talho,Miolo de Camarão Gigante 15/30 Ultracongelado,0.25,KG,7.19,28.76,€
10332,6872154,peixaria-e-talho,Bife de Vitela Coração da Alcatra no Balcão,0.6,UN,14.39,2.88,€
10333,7068840,peixaria-e-talho,Delícias do Mar Ultracongeladas,0.25,KG,1.21,4.84,€
10334,4741170,peixaria-e-talho,Lulas Recheadas com Carne Ultracongeladas,0.5,KG,8.99,17.98,€
10335,4249238,peixaria-e-talho,Filetes de Pangasius Ultracongelados,0.6,KG,4.49,7.48,€
10336,7418594,peixaria-e-talho,Novilho para Estufar,0.89,UN,9.42,8.29,€
10337,4741881,peixaria-e-talho,Pescada Grande do Cabo MSC para Cozer Ultracongelada,0.8,KG,5.65,7.06,€
10338,6652281,peixaria-e-talho,Picanha de Bovino,1.65,UN,13.19,21.76,€
10339,7384305,peixaria-e-talho,Perna Frango com Costa,1.5,UN,2.82,4.23,€
10340,4643562,peixaria-e-talho,Lombos de Salmão MSC Ultracongelado,0.25,KG,9.99,39.96,€
10341,7258371,peixaria-e-talho,Miolo de Camarão Selvagem 60/80 Congelado,0.4,KG,7.99,19.98,€
10342,3634498,peixaria-e-talho,Choco Limpo Ultracongelado,0.6,KG,6.69,11.15,€
10343,5768470,peixaria-e-talho,Medalhões de Pescada do Cabo MSC Ultracongelada,1.0,KG,8.66,8.66,€
10344,6394310,peixaria-e-talho,"Rolo de Carne de Porco com Cogumelos, Bacon e Queijo",0.99,UN,7.59,7.51,€
10345,5497477,peixaria-e-talho,Camarão Cozido 30/50 Fresco,0.3,UN,10.99,0.33,€
10346,7201656,peixaria-e-talho,Picanha de Bovino Fatiada América do Sul Congelada,1.3,UN,17.91,23.28,€
10347,2566219,peixaria-e-talho,Salmão Pequeno Fresco,2.0,UN,9.99,18.58,€
10348,4785436,peixaria-e-talho,Lulas Limpas Ultracongeladas,0.4,KG,5.99,14.98,€
10349,5699501,peixaria-e-talho,Preparado de Carne Picada de Bovino Mertolengo DOP,0.5,KG,7.99,15.98,€
10350,6870176,peixaria-e-talho,Alcatra de Novilho Fatiado no Balcão,0.5,UN,14.39,3.60,€
10351,7630268,peixaria-e-talho,Medalhões de Pescada do Cabo Ultracongelada,0.36,KG,3.49,9.69,€
10352,2964421,peixaria-e-talho,Strogonoff de Frango do Campo,0.58,UN,8.48,4.92,€
10353,4927100,peixaria-e-talho,Bifanas de Porco,0.55,UN,5.08,2.79,€
10354,7415390,peixaria-e-talho,Mini Hambúrguer de Bovino Kids,0.4,KG,4.39,10.97,€
10355,2148510,peixaria-e-talho,Filetes de Peixe Espada Preto Fresco,0.36,UN,17.99,2.16,€
10356,7484544,peixaria-e-talho,Tiras de Entrecosto de Porco Congeladas,0.7,UN,6.09,4.26,€
10357,7723930,peixaria-e-talho,Preparado de Carne Picada de Bovino Angus,0.4,KG,4.59,11.48,€
10358,2202534,peixaria-e-talho,Bacalhau Graúdo 1ª Noruega Seco,2.5,UN,12.25,30.63,€
10359,7147182,peixaria-e-talho,Miolo de Camarão Selvagem 100/200 Congelado,0.4,KG,4.49,11.23,€
10360,2211915,peixaria-e-talho,Medalhões de Pescada sem Pele Ultracongelada,0.4,KG,4.61,11.53,€
10361,6874782,peixaria-e-talho,Lombos de Bacalhau 9 Meses de Cura MSC Ultracongelados,1.0,KG,24.98,24.98,€
10362,6870169,peixaria-e-talho,Acém Comprido de Novilho Fatiado no Balcão,0.5,UN,10.6,5.30,€
10363,4716958,peixaria-e-talho,Tranches de Salmão Selvagem MSC Ultracongelado,0.25,KG,9.99,39.96,€
10364,6870580,peixaria-e-talho,Pá de Novilho Fatiado no Balcão,0.5,UN,10.6,2.65,€
10365,7519669,peixaria-e-talho,Cachaço Inteiro de Porco sem Osso,2.75,UN,4.61,12.68,€
10366,7291115,peixaria-e-talho,Postas Médias de Bacalhau MSC Demolhado Ultracongeladas,0.6,KG,5.17,8.62,€
10367,4952137,peixaria-e-talho,Medalhões de Pescada do Cabo Ultracongelados,0.4,KG,3.48,8.70,€
10368,7414587,peixaria-e-talho,Maminha de Bovino Fatiada no Balcão,1.3,UN,12.73,1.65,€
10369,5699657,peixaria-e-talho,Almôndegas de Bovino Mertolengo DOP,0.5,KG,7.99,15.98,€
10370,7396935,peixaria-e-talho,Pato Inteiro com Miúdos,2.2,UN,4.49,9.88,€
10371,7069742,peixaria-e-talho,Coxa de Frango,0.65,UN,5.65,3.67,€
10372,7071899,peixaria-e-talho,Escalopes de Peru Extrafinos,0.51,UN,9.23,4.71,€
10373,7328281,peixaria-e-talho,Bacalhau Pacífico Desfiado Seco,0.4,KG,4.7,11.75,€
10374,7042361,peixaria-e-talho,Filetes de Peixe Gato Riscado Congelados,1.0,KG,6.99,6.99,€
10375,6870574,peixaria-e-talho,Chambão de Novilho Balcão,0.6,UN,8.45,5.07,€
10376,6919055,peixaria-e-talho,Bifes da Perna de Peru,0.61,UN,6.02,3.67,€
10377,2211940,peixaria-e-talho,Postas de Pescada Nº 5 do Chile para Cozer Ultracongeladas,0.8,KG,14.69,18.36,€
10378,4734157,peixaria-e-talho,Perna de Frango Inteira Congelada,1.0,KG,3.57,3.57,€
10379,7291127,peixaria-e-talho,Lombos de Bacalhau MSC Demolhado Ultracongelados,1.2,KG,28.29,23.58,€
10380,4616789,peixaria-e-talho,Cubos de Tamboril Congelado,0.5,KG,3.79,7.58,€
10381,2430285,peixaria-e-talho,Moelas de Frango Congeladas,1.0,UN,2.15,2.15,€
10382,4283242,peixaria-e-talho,Peito de Pato Congelado,0.7,UN,14.99,10.49,€
10383,7621341,peixaria-e-talho,Bife de Atum Ultracongelado,0.25,KG,3.99,15.96,€
10384,2214009,peixaria-e-talho,Red Fish Médio Congelado,0.42,UN,3.79,1.59,€
10385,2202424,peixaria-e-talho,Bacalhau Graúdo Asa Branca 1ª Noruega Seco,2.5,UN,12.72,31.80,€
10386,7072681,peixaria-e-talho,Tiras de Salmão Fumado da Noruega,2.0,KG,3.49,34.90,€
10387,7072880,peixaria-e-talho,Miolo de Camarão Selvagem 10/30 Congelado,0.25,KG,5.89,23.56,€
10388,4517263,peixaria-e-talho,Picanha de Bovino América do Sul,1.41,UN,18.38,25.92,€
10389,3727902,peixaria-e-talho,Pescada Inteira Nº 5 do Chile Congelada,2.0,UN,12.25,24.50,€
10390,7539269,peixaria-e-talho,Camarão Cozido 60/80 Fresco,0.6,KG,5.99,9.98,€
10391,6130903,peixaria-e-talho,Posta Tradicional de Bacalhau MSC Ultracongelada,0.75,KG,10.99,14.65,€
10392,4676679,peixaria-e-talho,Supremas de Bacalhau Ultracongeladas,0.4,KG,5.17,12.92,€
10393,6848579,peixaria-e-talho,Bife da Vazia de Vitela Branca Fatiado no Balcão,0.6,UN,16.91,3.38,€
10394,6152480,peixaria-e-talho,Preparado de Carne Picada de Bovino,0.4,KG,5.09,12.73,€
10395,7656035,peixaria-e-talho,Medalhões de Salmão Ultracongelado,0.4,KG,10.99,27.47,€
10396,5734410,peixaria-e-talho,Postas Tradicionais de Bacalhau MSC Ultracongeladas,0.55,KG,10.84,19.71,€
10397,2147742,peixaria-e-talho,Carapau Médio Fresco,0.6,UN,3.99,1.20,€
10398,7389565,peixaria-e-talho,Tiras de Porco Duroc no Balcão,0.7,UN,5.93,2.96,€
10399,6764693,peixaria-e-talho,Dourada Extra Fresca,1.05,UN,8.99,9.44,€
10400,3882256,peixaria-e-talho,Coelho Inteiro,1.44,UN,6.49,9.35,€
10401,6870584,peixaria-e-talho,Vazia de Novilho Fatiado no Balcão,0.5,UN,16.91,4.23,€
10402,3815246,peixaria-e-talho,Camarão Cozido 25/35 Fresco,0.3,UN,13.99,0.42,€
10403,6408175,peixaria-e-talho,Rolo de Carne de Porco com Farinheira,0.97,UN,7.59,7.36,€
10404,6148711,peixaria-e-talho,Hambúrguer de Porco,0.48,KG,3.19,6.65,€
10405,3887046,peixaria-e-talho,Cachaço para Assar sem Osso de Porco Osso - Metades,1.35,UN,5.17,6.98,€
10406,7291114,peixaria-e-talho,Postas de Bacalhau MSC Congeladas,0.8,KG,8.48,10.60,€
10407,7412680,peixaria-e-talho,Osso Buco de Vitela Branca Congelado,1.0,UN,9.39,9.39,€
10408,5080443,peixaria-e-talho,Gambão da Argentina Selvagem 20/30 Congelado,0.5,UN,9.99,0.50,€
10409,4935930,peixaria-e-talho,Bacalhau Desfiado Ultracongelado,0.4,KG,5.64,14.10,€
10410,5328935,peixaria-e-talho,Bifinhos do Lombo de Porco Finíssimos,0.25,KG,1.87,7.48,€
10411,6340475,peixaria-e-talho,Robalo Extra Fresco,1.1,UN,10.99,12.09,€
10412,2879958,peixaria-e-talho,Amêijoa Vietnamita com Casca Congelada,0.68,UN,1.99,1.35,€
10413,4298053,peixaria-e-talho,Miolo de Camarão Cozido 40/60 Ultracongelado,0.2,KG,5.99,29.95,€
10414,4925087,peixaria-e-talho,Salmão Selvagem Alaska Fumado,0.08,KG,7.99,99.88,€
10415,5328902,peixaria-e-talho,Bifinhos do Cachaço de Porco Finíssimos,0.25,KG,1.87,7.48,€
10416,2147770,peixaria-e-talho,Sardinha Média Fresca,0.48,UN,4.24,0.34,€
10418,4955816,peixaria-e-talho,Posta Garoupa Legitima Fresca,0.41,UN,24.99,10.25,€
10419,7447351,peixaria-e-talho,Filé de Salmão Ultracongelado,0.45,KG,7.99,17.76,€
10420,7047911,peixaria-e-talho,Lombos de Perca do Nilo Congelados,0.4,KG,7.99,19.98,€
10421,4469153,peixaria-e-talho,Salmão da Noruega Fumado,0.08,KG,7.19,89.88,€
10422,7071906,peixaria-e-talho,Strogonoff de Peru,0.56,UN,7.53,4.22,€
10423,4274548,peixaria-e-talho,Tiras de Pota Congeladas,0.7,KG,4.99,7.13,€
10424,5900328,peixaria-e-talho,Bacalhau Graúdo 1ª Islândia Seco,2.4,UN,14.14,33.94,€
10425,5378306,peixaria-e-talho,Bife do Lombo de Bovino - Carne Maturada,0.2,KG,7.53,37.65,€
10426,7303747,peixaria-e-talho,Escalopes de Bovino,0.35,UN,14.14,4.95,€
10427,2818787,peixaria-e-talho,Perna de Frango do Campo,0.8,UN,7.06,5.65,€
10428,7146064,peixaria-e-talho,Preparado de Carne Picada de Bovino Biológica,0.4,KG,6.99,17.48,€
10429,3590135,peixaria-e-talho,Bacalhau Especial 1ª Noruega Seco,3.6,UN,14.14,50.90,€
10430,7210568,peixaria-e-talho,Bife Vazia Novilho Nacional Congelado,0.65,UN,16.02,10.41,€
10431,6870064,peixaria-e-talho,Vazio Alto com Osso Novilho Fatiado no Balcão,0.5,UN,12.73,6.37,€
10432,4927137,peixaria-e-talho,Bifinhos do Lombo de Porco,0.48,UN,6.59,3.16,€
10433,6218899,peixaria-e-talho,Pato Inteiro com Miúdos Congelado,2.14,UN,4.49,9.61,€
10434,6986608,peixaria-e-talho,Miolo de Camarão Selvagem Cozido 60/80 Congelado,0.25,KG,3.99,15.96,€
10435,5546993,peixaria-e-talho,Lula Cortada da Patagónia Ultracongelada,0.4,KG,7.39,18.48,€
10436,7619877,peixaria-e-talho,Hambúrguer de Salmão e Bacalhau,0.22,KG,2.49,22.64,€
10437,2147758,peixaria-e-talho,Peixe Espada Preto Fresco,1.65,UN,6.99,11.53,€
10438,4277919,peixaria-e-talho,Choco Limpo Ultracongelado,0.5,KG,8.99,17.98,€
10439,7346636,peixaria-e-talho,Preparado para Mariscada Ultracongelado,0.7,KG,5.65,8.07,€
10440,4563382,peixaria-e-talho,Miolo de Camarão 80/100 Ultracongelado,0.35,KG,7.19,20.54,€
10441,2211918,peixaria-e-talho,Lombos de Pescada MSC Ultracongelados,0.4,KG,4.24,10.60,€
10442,4391965,peixaria-e-talho,Posta de Peixe Espada Preto Fresca,0.7,UN,10.09,3.53,€
10443,6926310,peixaria-e-talho,Posta de Solha Congelada,0.8,KG,5.99,7.49,€
10444,6870573,peixaria-e-talho,Cachaço de Novilho no Balcão,0.6,UN,8.45,5.07,€
10445,7442661,peixaria-e-talho,Filetes de Solha MSC Ultracongelada,0.4,KG,6.49,16.23,€
10446,7484543,peixaria-e-talho,Secretos de Porco Congelados,1.0,UN,5.65,5.65,€
10447,2839946,peixaria-e-talho,Coxa de Frango do Campo,0.63,UN,7.53,4.74,€
10448,2147745,peixaria-e-talho,Carapau Pequeno 20/30 Fresco,0.7,UN,3.99,0.40,€
10449,2147653,peixaria-e-talho,Pescada Grande Fresca,1.73,UN,6.59,11.40,€
10450,5476909,peixaria-e-talho,Hambúrguer de Frango,0.46,KG,2.99,6.50,€
10451,7011817,peixaria-e-talho,Tiras Braseadas Proteína Vegetal,0.175,KG,4.49,25.66,€
10452,7472617,peixaria-e-talho,Lula Recheada com Camarão Ultracongelada,0.5,KG,8.99,17.98,€
10453,7539270,peixaria-e-talho,Camarão Cozido 30/50 Fresco,0.6,KG,7.19,11.98,€
10454,6917436,peixaria-e-talho,Costeleta da Coxa de Peru,0.57,UN,9.04,5.15,€
10455,5664357,peixaria-e-talho,Camarão Aquacultura Black Tiger 20/30 Congelado,0.4,UN,15.99,0.64,€
10456,5768501,peixaria-e-talho,Lombos de Pescada MSC Ultracongelada,1.0,KG,9.33,9.33,€
10457,2211982,peixaria-e-talho,Postas Pescada Nº 3 do Cabo para Cozer Ultracongeladas,0.6,KG,8.0,13.33,€
10458,4955804,peixaria-e-talho,Garoupa Legítima Pequena Fresca,2.6,UN,14.99,38.97,€
10459,4418840,peixaria-e-talho,Entrecosto de Porco para Grelhar,1.0,UN,6.09,6.09,€
10460,7103164,peixaria-e-talho,Tentáculos de Pota Cozidos Congelados,0.4,KG,7.49,18.73,€
10461,4403152,peixaria-e-talho,Posta Pescada Grande Fresca,0.28,UN,8.89,2.49,€
10462,7314937,peixaria-e-talho,Posta de Tamboril Ultracongelado,0.5,KG,12.99,25.98,€
10463,4741916,peixaria-e-talho,Pescada Média do Cabo MSC para Fritar Ultracongelada,0.4,KG,2.44,6.10,€
10464,4901242,peixaria-e-talho,Lula Limpa 20/40 Ultracongelada,0.45,KG,8.79,19.53,€
10465,2212125,peixaria-e-talho,Tranches de Pescada sem Pele Ultracongeladas,0.5,KG,6.74,13.48,€
10466,7239338,peixaria-e-talho,Miolo de Camarão Panado Ultracongelado,0.3,KG,5.49,18.30,€
10467,6804351,peixaria-e-talho,Coelho Metades,0.78,UN,8.79,6.86,€
10468,2148068,peixaria-e-talho,Salmão Inteiro Fresco,4.0,UN,14.99,54.41,€
10469,6669980,peixaria-e-talho,Lombinho de Porco Ibérico no Balcão,0.35,UN,12.73,5.09,€
10470,7636088,peixaria-e-talho,Carpaccio de Bovino Congelado,0.8,KG,9.99,12.49,€
10471,5025234,peixaria-e-talho,Delícias do Mar Ultracongeladas,0.45,KG,2.69,5.98,€
10472,7201650,peixaria-e-talho,Maminha de Bovino Inteira,1.5,UN,14.14,21.21,€
10473,2202544,peixaria-e-talho,Bacalhau Especial 1ª Noruega Seco,3.3,UN,13.19,43.53,€
10474,7340543,peixaria-e-talho,Argolas do Mar Ultracongeladas,1.0,KG,5.99,5.99,€
10475,6621402,peixaria-e-talho,Salmão Fumado Marinado da Noruega,0.08,KG,3.99,49.88,€
10476,6900723,peixaria-e-talho,Novilho para Assar no Balcão,0.6,UN,10.16,6.10,€
10477,5328971,peixaria-e-talho,Entremeada Fatiada de Porco Finíssimos,0.25,KG,1.87,7.48,€
10478,2166842,peixaria-e-talho,Pescada Inteira Grande da América do Sul Congelada,1.05,UN,4.49,4.71,€
10479,4283251,peixaria-e-talho,Perna de Pato Congelada,0.55,UN,6.89,3.79,€
10480,5477664,peixaria-e-talho,Medalhões de Pescada do Cabo Ultracongelada,2.0,KG,23.57,11.79,€
10481,3590089,peixaria-e-talho,Bacalhau Graúdo 1ª Noruega Seco,2.4,UN,13.19,31.66,€
10482,6394308,peixaria-e-talho,Rolo de Carne de Porco com Espinafres e Queijo,1.1,UN,7.59,8.35,€
10483,7389533,peixaria-e-talho,Lombo de Porco Duroc Balcão,0.6,UN,5.93,3.56,€
10484,7577143,peixaria-e-talho,Mini Salsichas Kids,0.5,KG,3.59,7.18,€
10485,7069740,peixaria-e-talho,Perninha de Frango,0.65,UN,5.46,3.55,€
10486,7328272,peixaria-e-talho,Paloco Pacífico Desfiado Seco,0.4,KG,3.49,8.73,€
10487,7389571,peixaria-e-talho,Salmão Fumado 30% Menos Sal,0.08,KG,3.99,49.88,€
10488,6917655,peixaria-e-talho,Posta de Pescada do Chile nº5 Congelada,0.25,UN,12.25,3.06,€
10489,7069752,peixaria-e-talho,Frango Completo aos Pedaços,0.8,UN,2.82,2.26,€
10490,6870579,peixaria-e-talho,Ganso Redondo de Novilho Fatiado no Balcão,0.6,UN,10.6,6.36,€
10491,7484541,peixaria-e-talho,Entrecosto de Porco Congelado,1.7,UN,4.7,7.99,€
10492,2385031,peixaria-e-talho,Pargo Mulato Fresco,1.2,UN,8.99,9.98,€
10493,5034441,peixaria-e-talho,Peito de Pato,0.32,UN,18.69,5.98,€
10494,5182063,peixaria-e-talho,Costeletas do Lombo de Porco,0.65,UN,5.08,3.30,€
10495,4970019,peixaria-e-talho,Filetes de Pescada do Cabo Ultracongelados,0.4,KG,4.7,11.75,€
10496,5699336,peixaria-e-talho,Hambúrguer de Bovino Mertolengo DOP,0.46,KG,7.99,17.37,€
10497,4897282,peixaria-e-talho,Postas de Maruca Ultracongelada,0.6,KG,9.79,16.32,€
10498,7011815,peixaria-e-talho,Almôndegas Proteína Vegetal,0.2,KG,4.49,22.45,€
10499,6917631,peixaria-e-talho,Posta de Maruca 2ª Pele Congelada,0.28,UN,11.99,2.88,€
10500,7471870,peixaria-e-talho,Tentáculos de Pota Grandes Congelados,3.0,UN,6.99,20.97,€
10501,6621392,peixaria-e-talho,Bacalhau Fumado,0.08,KG,3.69,46.13,€
10502,7589034,peixaria-e-talho,Ovas de Bacalhau Higienizadas Ultracongeladas,1.0,UN,11.31,11.31,€
10503,5773171,peixaria-e-talho,Posta de Corvina 2ª Pele Congelada,0.22,UN,12.99,2.86,€
10504,7678537,peixaria-e-talho,Hambúrguer 100% Frango do Campo Congelado,0.4,KG,6.59,16.48,€
10505,5378289,peixaria-e-talho,Bife da Vazia de Bovino - Carne Maturada,0.2,KG,4.69,23.45,€
10506,7107419,peixaria-e-talho,Lombos de Bacalhau Seco,0.6,KG,10.83,18.05,€
10507,2182823,peixaria-e-talho,Pescada Inteira Média da América do Sul Congelada,0.8,UN,5.65,4.52,€
10508,7072919,peixaria-e-talho,Metade de Polvo Congelado,1.8,UN,15.99,28.78,€
10509,5731450,peixaria-e-talho,Espetada de Salmão e Atum,0.45,UN,16.99,7.99,€
10510,7475398,peixaria-e-talho,Lombos de Pescada Fresca,0.4,UN,9.89,3.96,€
10511,7389566,peixaria-e-talho,Costeletas do Cachaço de Porco Duroc no Balcão,0.5,UN,5.93,1.19,€
10512,5731521,peixaria-e-talho,Espetada de Salmão e Perca Fresca,0.43,UN,16.99,7.14,€
10513,7656401,peixaria-e-talho,Lombos de Bacalhau Congelado MSC 12 Meses Cura,1.8,KG,45.19,25.11,€
10514,2147662,peixaria-e-talho,Pregado Inteiro Fresco,1.91,UN,12.99,24.81,€
10515,7157299,peixaria-e-talho,Miolo de Camarão de Madagáscar 30/40 Congelado,0.25,KG,9.99,39.96,€
10516,5316646,peixaria-e-talho,Tiras de Pota Ultracongeladas,0.5,KG,5.79,11.58,€
10517,7328060,peixaria-e-talho,Bacalhau Desfiado Seco,0.4,KG,4.39,10.98,€
10518,2752176,peixaria-e-talho,Postas de Bacalhau Ultracongeladas,0.7,KG,15.08,21.54,€
10519,7071730,peixaria-e-talho,Miolo de Camarão Selvagem 30/50 Congelado,0.25,KG,5.99,23.96,€
10520,2148078,peixaria-e-talho,Choco com Tinta Fresco,1.3,UN,10.99,10.99,€
10521,7680482,peixaria-e-talho,Hambúrguer 100% Picanha Congelado,0.56,KG,10.36,18.50,€
10522,4597014,peixaria-e-talho,Camarão de Moçambique 32/48 Ultracongelado,0.8,KG,23.99,29.99,€
10523,6634115,peixaria-e-talho,Espetada de Lula e Salmão,0.5,UN,16.99,6.29,€
10524,2468374,peixaria-e-talho,Cavala Fresca,0.64,UN,2.82,0.90,€
10525,6536239,peixaria-e-talho,Miolo de Gambão 20/40 Ultracongelado,0.2,KG,6.99,34.95,€
10526,2240271,peixaria-e-talho,Posta Perca do Nilo 2ª Pele Congelada,0.29,UN,10.99,3.19,€
10527,6650364,peixaria-e-talho,Lombo da Pá de Bovino,0.2,KG,4.69,23.45,€
10528,7411519,peixaria-e-talho,Redondos de Pescada do Cabo Ultracongelada,0.5,KG,3.69,7.38,€
10529,7253922,peixaria-e-talho,Falafel de Proteína Vegetal,0.19,KG,4.49,23.63,€
10530,5020771,peixaria-e-talho,Argolas do Mar Ultracongeladas,0.4,KG,2.49,6.23,€
10531,7291499,peixaria-e-talho,Caldeirada de Bacalhau MSC Demolhado Ultracongelada,0.7,KG,3.29,4.70,€
10532,4168984,peixaria-e-talho,Camarão Vannamei 24/40 Ultracongelado,0.8,KG,19.99,24.99,€
10533,2214092,peixaria-e-talho,Potas Congeladas,0.6,UN,6.99,2.10,€
10534,7071907,peixaria-e-talho,Perninha de Peru,0.9,UN,3.29,2.96,€
10535,6842593,peixaria-e-talho,Lombo de Porco Preto Congelado,0.85,UN,22.59,19.20,€
10536,6669987,peixaria-e-talho,Secretos de Porco Ibérico Fatiados no Balcão,0.5,UN,16.96,4.24,€
10537,5807845,peixaria-e-talho,Salmão Fumado da Noruega Eco Biológico,0.08,KG,7.99,99.88,€
10538,7413808,peixaria-e-talho,Lombos de Salmão temperados com Limão Congelados,0.25,KG,6.99,27.96,€
10539,2689516,peixaria-e-talho,Preparado para Arroz de Marisco Ultracongelado,0.5,KG,4.51,9.02,€
10540,6870583,peixaria-e-talho,Rabadilha de Novilho Fatiada no Balcão,0.5,UN,13.49,3.37,€
10541,7442414,peixaria-e-talho,Posta de Pescada do Chile Nº5 para Cozer Ultracongelada,0.6,KG,9.42,15.70,€
10542,7575511,peixaria-e-talho,Filetes de Robalo Frescos,0.24,KG,5.79,24.13,€
10543,7071705,peixaria-e-talho,Miolo de Gamba Rosa Selvagem de Moçambique 30/40 Congelado,0.25,KG,6.99,27.96,€
10544,4405274,peixaria-e-talho,Truta Salmonada Filete,0.45,UN,9.99,5.00,€
10545,2147754,peixaria-e-talho,Pescada Média Fresca,1.2,UN,4.7,5.64,€
10546,7474071,peixaria-e-talho,Picanha de Bovino Fatiada no Balcão,1.26,UN,16.91,21.31,€
10547,5465035,peixaria-e-talho,Picanha de Bovino América do Sul,0.2,KG,6.59,27.46,€
10548,3019259,peixaria-e-talho,Corvina Aquacultura Fresca,2.9,UN,6.99,20.27,€
10549,7324619,peixaria-e-talho,Filetes de Tamboril Ultracongelado,0.25,KG,5.99,23.96,€
10550,7675391,peixaria-e-talho,Ovas de Bacalhau Congeladas,1.0,KG,16.96,16.96,€
10551,4917531,peixaria-e-talho,Miolo de Mexilhão Ultracongelado,0.25,KG,1.79,7.16,€
10552,2148073,peixaria-e-talho,Truta Salmonada Fresca,0.47,UN,5.99,2.82,€
10553,7718993,peixaria-e-talho,Almôndegas de Novilho Angus,0.3,KG,3.69,12.30,€
10554,5838910,peixaria-e-talho,Sardinha Inteira Nacional Congelada,1.0,KG,4.23,4.23,€
10555,7630225,peixaria-e-talho,Medalhões de Pescada do Cabo Ultracongelada,1.1,KG,10.29,9.35,€
10556,2818806,peixaria-e-talho,Canjinha de Frango do Campo,0.76,UN,5.17,3.93,€
10557,2818829,peixaria-e-talho,Metades de Frango do Campo,1.0,UN,3.76,3.76,€
10558,7071901,peixaria-e-talho,Coxa de Peru,0.7,UN,5.65,3.96,€
10559,2231758,peixaria-e-talho,Pernil de Porco,1.23,UN,2.79,3.43,€
10560,7454790,peixaria-e-talho,Fishburger de Pescada Ultracongelado,0.3,KG,2.44,8.13,€
10561,7478876,peixaria-e-talho,Pernil de Porco Slow Cooked,1.0,UN,6.99,6.99,€
10562,6798484,peixaria-e-talho,Porção de Perca Fresca,0.3,KG,2.49,16.60 ,€
10563,6870180,peixaria-e-talho,Chã de Fora de Novilho Fatiada no Balcão,0.4,UN,10.6,2.12,€
10564,7628097,peixaria-e-talho,Posta de Pescada para Cozer Congelada,0.5,KG,2.99,5.98,€
10565,6838985,peixaria-e-talho,Posta Garoupa Congelada,0.55,UN,15.99,5.12,€
10566,7320987,peixaria-e-talho,Filetes de Alabote Ultracongelados,0.8,KG,9.99,12.49,€
10567,6917883,peixaria-e-talho,Lombo de Salmão Fumado,0.15,KG,10.95,73.00,€
10568,7303651,peixaria-e-talho,Bife Traseiro de Bovino,0.35,UN,12.25,4.29,€
10569,5009658,peixaria-e-talho,Anchovas com Azeite Virgem Extra,0.1,KG,4.39,43.90,€
10570,7384638,peixaria-e-talho,Rabos de Pescada MSC Ultracongelado,1.5,KG,4.7,3.13,€
10571,2147734,peixaria-e-talho,Tamboril Fresco,2.8,UN,11.99,33.57,€
10572,7146449,peixaria-e-talho,Miolo de Amêijoa Dourada Ultracongelada,0.25,KG,2.99,11.96,€
10573,2214106,peixaria-e-talho,Camarão Vannamei Aquacultura 60/80 Congelado,0.2,UN,8.49,0.17,€
10574,7403557,peixaria-e-talho,Porção de Bacalhau MSC,0.3,KG,2.34,15.60,€
10575,7573261,peixaria-e-talho,Lulinhas Ultracongeladas,0.5,KG,7.99,15.98,€
10576,7011629,peixaria-e-talho,Nuggets Proteína Vegetal,0.2,KG,4.49,22.45,€
10577,7445969,peixaria-e-talho,Porção de Atum Descongelado,0.12,KG,2.99,24.92,€
10578,7575360,peixaria-e-talho,Filetes de Dourada Frescos,0.24,KG,5.46,22.75,€
10579,7367887,peixaria-e-talho,Lombos de Pescada do Cabo Congelada,0.36,KG,4.61,12.81,€
10580,7418377,peixaria-e-talho,Tiras Marinadas de Proteína Vegetal,0.16,KG,4.49,28.06,€
10581,7534025,peixaria-e-talho,Almôndega de Novilho Chakall,0.408,KG,5.59,13.70,€
10582,6956551,peixaria-e-talho,Robalo Grande Fresco Ibérico,0.8,UN,12.99,10.39,€
10583,7469019,peixaria-e-talho,Mariscada sem Glúten Congelada,0.8,KG,7.53,9.41,€
10584,6926588,peixaria-e-talho,Alas de Raia sem Pele Congeladas,0.7,KG,6.69,9.56,€
10585,6878571,peixaria-e-talho,Posta de Tintureira Congelada,0.3,UN,5.99,1.80,€
10586,2566562,peixaria-e-talho,Robalo do Alto Mar Fresco,1.5,UN,24.99,37.48,€
10587,5313388,peixaria-e-talho,Sucedâneo Caviar Preto Caviartic,0.075,KG,2.69,35.87,€
10588,7545846,peixaria-e-talho,Tentáculos de Pota Cozidos Ultracongelado,0.3,KG,8.0,26.67,€
10589,2148096,peixaria-e-talho,Polvo Fresco,1.8,UN,9.99,17.98,€
10590,4736012,peixaria-e-talho,Caracol Cozido Riscado,0.6,KG,5.99,9.98,€
10591,7182951,peixaria-e-talho,Espetadas de Porco Preto com Pimentos Ultracongeladas,0.45,UN,12.99,5.85,€
10592,7182969,peixaria-e-talho,Salsichas de Porco Preto,0.4,UN,12.99,5.20,€
10593,2212468,peixaria-e-talho,Postas de Pescada Nº5 do Cabo MSC Ultracongelada,0.8,KG,8.99,11.24,€
10594,7466994,peixaria-e-talho,Porção de Espadarte Fresco,0.14,KG,3.99,28.50,€
10595,7614615,peixaria-e-talho,Filete de Red Fish Descongelado,0.07,KG,1.29,18.43,€
10596,6917438,peixaria-e-talho,Peru Jardineira,0.5,KG,5.36,10.72,€
10597,5444131,peixaria-e-talho,Lombo de Atum Descongelado,0.45,UN,12.99,5.20,€
10598,7577522,peixaria-e-talho,Preparado para Arroz de Marisco Ultracongelado,0.8,KG,5.49,6.86,€
10599,7504946,peixaria-e-talho,Porco Tomahawk Fatiado no Balcão,0.4,UN,4.23,1.69,€
10600,7402178,peixaria-e-talho,Filete Paloco Congelado,0.8,KG,5.99,7.49,€
10601,5504204,peixaria-e-talho,Bacalhau Caras Seco,1.3,UN,4.61,5.99,€
10602,7651696,peixaria-e-talho,Filetes de Paloco do Pacífico Seco,0.4,KG,4.49,11.23,€
10603,7045216,peixaria-e-talho,Robalo Médio Fresco Ibérico,0.65,UN,9.99,6.49,€
10604,7706335,peixaria-e-talho,Preparado para Mariscada Ultracongelado,1.0,KG,10.89,10.89,€
10605,2147756,peixaria-e-talho,Peixe Espada Branco Fresco,1.1,UN,10.99,16.49,€
10606,2427743,peixaria-e-talho,Sardinha Congelada,0.3,UN,2.82,0.28,€
10607,6634077,peixaria-e-talho,Espetada de Lula e Camarão,0.4,UN,15.99,6.40,€
10608,2150700,peixaria-e-talho,Sardinha Pequena (Petinga) Fresca,0.3,UN,4.24,0.13,€
10609,2202431,peixaria-e-talho,Bacalhau Crescido Asa Branca 1ª Noruega Seco,1.67,UN,11.31,18.89,€
10610,7413508,peixaria-e-talho,Salsichas Frescas Porco Preto Sabores do Mediterrâneo,0.43,KG,5.39,12.53,€
10611,7071902,peixaria-e-talho,Asas de Peru,0.7,UN,2.34,1.47,€
10612,7413811,peixaria-e-talho,Lombos de Salmão Temperados com Alho Congelados,0.25,KG,6.99,27.96,€
10613,7245127,peixaria-e-talho,Pastéis de Carne Black Angus,0.36,KG,5.59,15.53,€
10614,7488482,peixaria-e-talho,Camarão Tigre de Moçambique 8/14 Ultracongelado,0.5,KG,19.99,39.98,€
10615,6173733,peixaria-e-talho,Hambúrguer de Cogumelos,0.16,KG,3.39,21.19,€
10616,7211005,peixaria-e-talho,Plumas Porco Preto Congeladas,0.9,UN,12.25,11.03,€
10617,4828009,peixaria-e-talho,Camarão Moçambique Médio 48/64 Ultracongelado,0.8,KG,22.99,28.74,€
10618,6848560,peixaria-e-talho,Pojadouro de Vitela Branca  Fatiado no Balcão,0.5,UN,14.39,4.32,€
10619,7067803,peixaria-e-talho,Amêijoa Vietnamita Castanha Congelada,0.7,UN,3.89,0.39,€
10620,4390878,peixaria-e-talho,Posta de Peixe Espada Branco Fresca,0.31,UN,12.99,4.03,€
10621,3897404,peixaria-e-talho,Delícias do Mar em Forma de Lagosta Ultracongeladas,0.225,KG,3.32,13.02,€
10622,2766718,peixaria-e-talho,Salmão Fumado da Escócia,0.08,KG,7.99,99.88,€
10623,2147753,peixaria-e-talho,Faneca Fresca,1.08,UN,3.99,1.08,€
10624,7453177,peixaria-e-talho,Ovas de Bacalhau Ultracongeladas,0.6,KG,11.31,18.85,€
10625,7304952,peixaria-e-talho,Rabo de Bovino Congelado,0.9,UN,9.89,8.90,€
10626,6842755,peixaria-e-talho,Camarão Cozido 25/35 Fresco,2.0,KG,27.49,13.74,€
10627,7389564,peixaria-e-talho,Costeletas do Lombo de Porco Duroc no Balcão,0.5,UN,5.93,29.65,€
10628,5829021,peixaria-e-talho,Pernas de Coelho,0.5,UN,13.89,6.95,€
10629,7191111,peixaria-e-talho,Bife de Bovino Beijinho,0.2,KG,4.69,23.45,€
10630,7399887,peixaria-e-talho,Lula da Patagónia Inteira Ultracongelada,0.85,KG,7.99,9.40,€
10631,6885814,peixaria-e-talho,Lombo de Bovino América do Sul Congelado,1.75,UN,28.29,49.51,€
10632,7026920,peixaria-e-talho,Hambúrguer Vegetariano de Espinafres,0.16,KG,4.39,27.44,€
10633,4125113,peixaria-e-talho,Posta de Safio,0.35,UN,7.99,2.80,€
10634,2147583,peixaria-e-talho,Cantaril da Costa Fresco,0.58,UN,12.99,7.53,€
10635,7621338,peixaria-e-talho,Lombinhos de Bacalhau Demolhado MSC Ultracongelado,0.6,KG,5.65,9.42,€
10636,7430715,peixaria-e-talho,Lombos de Salmão ASC Ultracongelado,0.375,KG,14.49,38.64 ,€
10637,4049238,peixaria-e-talho,Carapau Pequeno 30/40 Fresco,0.65,UN,6.59,4.28,€
10638,6669978,peixaria-e-talho,Lombo de Porco Ibérico Fatiado no Balcão,0.6,UN,11.03,11.02,€
10639,7481162,peixaria-e-talho,Lombo de Bacalhau MSC Congelado,0.24,KG,5.18,21.58,€
10640,7463787,peixaria-e-talho,Tiras de Choco Panadas Congeladas,0.3,KG,7.99,26.63,€
10641,7718441,peixaria-e-talho,Almôndegas de Cenoura,0.42,KG,9.99,23.79,€
10642,6845309,peixaria-e-talho,Choco Limpo Higienizado Congelado,1.3,UN,13.99,18.19,€
10643,6870582,peixaria-e-talho,Pojadouro de Novilho Fatiado no Balcão,0.5,UN,13.49,3.37,€
10644,7630712,peixaria-e-talho,Filetes de Salmão Frescos,0.3,KG,7.99,26.63,€
10645,6669983,peixaria-e-talho,Costeletas de Porco Ibérico no Balcão,0.5,UN,10.18,1.53,€
10646,5009656,peixaria-e-talho,Biqueirão em Azeite Virgem Extra,0.12,KG,4.89,48.90,€
10647,5034416,peixaria-e-talho,Perna de Pato,0.3,UN,9.89,2.97,€
10648,7287176,peixaria-e-talho,Lombos de Salmão sem Pele Biológico Congelado,0.25,UN,15.99,15.99,€
10649,7390744,peixaria-e-talho,Postas de Maruca para Fritar Ultracongelada,0.6,KG,6.99,11.65,€
10650,7303654,peixaria-e-talho,Medalhões de Bovino,0.4,UN,12.25,4.90,€
10651,2147749,peixaria-e-talho,Chicharro 1/3 Fresco,0.47,UN,6.59,2.83,€
10652,7647747,peixaria-e-talho,Medalhões de Pescada do Cabo Ultracongelada,0.5,KG,4.69,9.38,€
10653,6173731,peixaria-e-talho,Hambúrguer de Azeitona Preta,0.16,KG,3.39,21.19,€
10654,7574675,peixaria-e-talho,Tataki de Atum MSC Congelado,0.15,KG,4.39,29.27,€
10655,2214087,peixaria-e-talho,Red Fish Grande Congelado,1.2,UN,8.99,8.18,€
10656,2147673,peixaria-e-talho,Cachucho Fresco,0.4,UN,5.99,2.10,€
10657,2214091,peixaria-e-talho,Solha Grande Congelada,0.85,UN,6.99,5.94,€
10658,7374377,peixaria-e-talho,Camarão Tigre Selvagem 8/15 Congelado,0.32,UN,26.99,2.16,€
10659,6717021,peixaria-e-talho,Costeletas do Lombo de Porco Preto,0.25,KG,4.7,18.80,€
10660,2202415,peixaria-e-talho,Bacalhau Especial Asa Branca 1ª Noruega Seco,3.6,UN,13.19,47.48,€
10661,3726242,peixaria-e-talho,Lombinhos do Mar Ultracongelados,0.25,KG,2.48,9.92,€
10662,7558878,peixaria-e-talho,Posta de Salmão 2ª Pele Congelada,0.2,UN,12.99,2.60,€
10663,4089844,peixaria-e-talho,Linguado da Guiné Fresco,0.38,UN,4.99,1.90,€
10664,2147875,peixaria-e-talho,Verdinho Fresco,0.7,UN,2.99,0.21,€
10665,7577623,peixaria-e-talho,Cocktail de Marisco Congelado,0.4,KG,3.76,9.40,€
10666,7483602,peixaria-e-talho,Costeleta de Borrego Congelada,0.55,UN,16.99,9.34,€
10667,4792273,peixaria-e-talho,Delícias do Mar em Forma de Lagosta Ultracongeladas,0.255,KG,2.19,8.59,€
10668,4876910,peixaria-e-talho,Pato Metades,1.46,UN,4.69,6.85,€
10669,7026831,peixaria-e-talho,Hambúrguer Vegetariano de Beringela,0.16,KG,4.39,27.44,€
10670,7199745,peixaria-e-talho,Lombinhos de Salmão,0.08,KG,6.89,86.13,€
10671,4469170,peixaria-e-talho,Salmão Marinado da Noruega,0.08,KG,7.99,99.88,€
10672,7451138,peixaria-e-talho,Posta de Red Fish Congelada,1.5,KG,6.99,4.66,€
10673,2926974,peixaria-e-talho,Bacalhau Sortido 1-2 kg,1.7,UN,9.42,16.01,€
10674,7648620,peixaria-e-talho,Caldeirada de Bacalhau MSC Congelado,0.7,KG,5.46,7.80,€
10675,4322744,peixaria-e-talho,Pota Fresca,0.5,UN,5.99,3.00,€
10676,7189786,peixaria-e-talho,Lombo Fatiado de Porco Duroc,0.53,UN,6.59,3.49,€
10677,7011814,peixaria-e-talho,Hambúrguer Clássico de Proteína Vegetal,0.15,KG,4.49,29.93,€
10678,7463347,peixaria-e-talho,Hambúrguer Vegan,0.15,UN,3.35,3.35,€
10679,7560830,peixaria-e-talho,Costeletinhas Vegan,0.168,KG,2.59,15.42,€
10680,6669982,peixaria-e-talho,Tiras de Porco Ibérico no Balcão,0.7,UN,10.18,7.13,€
10681,7443608,peixaria-e-talho,Caldeirada de Peixe Ultracongelado,0.85,KG,6.49,7.64,€
10682,7159239,peixaria-e-talho,Hambúrguer Beyond Burger,0.226,KG,4.99,22.08,€
10683,2148088,peixaria-e-talho,Lula Refrigerada,0.38,UN,11.99,2.28,€
10684,7484545,peixaria-e-talho,Unhas de Porco Congeladas,1.0,UN,2.15,2.15,€
10685,7484542,peixaria-e-talho,Orelhas de Porco Congeladas,0.7,UN,3.95,2.77,€
10686,2507177,peixaria-e-talho,Pargo Legitimo Fresco,1.4,UN,19.99,27.99,€
10687,3727892,peixaria-e-talho,Pescada Inteira Nº 3 do Chile a Bordo Congelada,1.6,UN,7.99,12.78,€
10688,2818799,peixaria-e-talho,Miúdos de Frango do Campo,0.6,UN,3.29,1.97,€
10689,2214095,peixaria-e-talho,Camarão Tigre Selvagem 6/8 Congelado,0.42,UN,39.99,5.60,€
10690,6780302,peixaria-e-talho,Camarão Selvagem de Madagáscar 40/60 Congelado,0.4,UN,19.99,0.40,€
10691,7545914,peixaria-e-talho,Tranches de Salmão Ultracongelado,0.45,KG,10.99,24.42,€
10692,4511780,peixaria-e-talho,Camarão Vannamei Grande 40/48 Ultracongelado,0.8,KG,19.5,24.38,€
10693,7572768,peixaria-e-talho,Gambão Argentino Gigante 14/22 Congelado,0.8,KG,20.99,26.24,€
10694,7043821,peixaria-e-talho,Cowboy Steak de Bovino,0.9,UN,23.57,21.21,€
10695,7550350,peixaria-e-talho,Choco Descongelado,0.6,UN,12.99,3.64,€
10696,7703788,peixaria-e-talho,Lombos de Salmão Fresco,0.25,KG,5.99,23.96,€
10697,7413510,peixaria-e-talho,Salsichas Frescas Porco Preto com Ervas  Aromáticas Sabores da América Latina,0.43,KG,5.39,12.53,€
10698,6379230,peixaria-e-talho,Miolo de Berbigão Ultracongelado,0.25,KG,6.99,27.96,€
10699,7454789,peixaria-e-talho,Pérolas do Mar Ultracongeladas,0.3,KG,2.99,9.97,€
10700,7475822,peixaria-e-talho,Camarão Tigre de Moçambique Selvagem Ultracongelado,0.8,KG,39.99,49.99,€
10701,7410955,peixaria-e-talho,Miolo de Gamba Panada de Moçambique Selvagem Ultracongelada,0.3,KG,8.99,29.97,€
10702,7718446,peixaria-e-talho,Almôndegas de Brócolos,0.42,KG,9.99,23.79,€
10703,7560827,peixaria-e-talho,Coxinhas Vegan,0.15,KG,2.49,16.60,€
10704,2612558,peixaria-e-talho,Franguito do Campo Inteiro s/ Miúdos,1.3,UN,5.65,7.35,€
10705,6173734,peixaria-e-talho,Hambúrguer de Espinafres,0.16,KG,3.39,21.19,€
10706,5248537,peixaria-e-talho,Hambúrguer Cenoura e Algas,0.15,KG,3.49,21.81,€
10707,6900967,peixaria-e-talho,Amêijoa Branca Nacional Congelada,0.4,UN,7.99,1.20,€
10708,7311289,peixaria-e-talho,Tentáculos de Polvo Congelados,1.3,UN,18.99,24.69,€
10709,4872518,peixaria-e-talho,Cocktail Marisco Ultracongelado,0.5,KG,4.7,9.40,€
10710,7616876,peixaria-e-talho,Lombos Naturais de Pescada Ultracongelada,0.2,KG,2.34,11.70,€
10711,2465902,peixaria-e-talho,Pargo Grande Fresco,1.0,UN,10.99,10.99,€
10712,6777071,peixaria-e-talho,Paloco Desfiado,0.4,KG,3.48,8.70,€
10713,7629113,peixaria-e-talho,Bife de Espadarte Fresco,0.2,KG,4.59,22.95,€
10714,2574327,peixaria-e-talho,Camarão Cozido 60/80 Fresco,0.45,UN,9.99,0.30,€
10715,2926886,peixaria-e-talho,Bacalhau Sortido 2-3 kg,2.6,UN,10.36,26.94,€
10716,6646952,peixaria-e-talho,Camarão Cozido 40/60 Fresco,0.5,KG,5.99,11.98,€
10717,7483598,peixaria-e-talho,Mão de Borrego Congelada,1.5,UN,10.49,15.74,€
10718,7515356,peixaria-e-talho,Mexilhão Meia Concha da Nova Zelândia Ultracongelado,0.25,KG,5.49,21.96,€
10719,7628102,peixaria-e-talho,Posta de Pescada para Fritar Congelada,0.5,KG,2.79,5.58,€
10720,4242549,peixaria-e-talho,Posta Garoupa Fresca,0.35,UN,14.99,5.25,€
10721,7630222,peixaria-e-talho,Lombos de Pescada do Cabo Ultracongelada,1.0,KG,9.89,9.89,€
10722,4105232,peixaria-e-talho,Coelho Olho Preto Inteiro,1.38,UN,7.99,11.03,€
10723,7628088,peixaria-e-talho,Tentáculos de Pota Congelados,0.5,KG,3.99,7.98,€
10724,7413509,peixaria-e-talho,Salsichas Frescas Porco Preto com Orégãos Sabores Alentejanos,0.43,KG,5.39,12.53,€
10725,7482850,peixaria-e-talho,Salmão Fumado Fatiado Ellusch,0.12,KG,8.39,69.92,€
10726,7628105,peixaria-e-talho,Posta de Maruca para Cozer Congelada,0.5,KG,3.99,7.98,€
10727,6561373,peixaria-e-talho,Hambúrguer de Caril,0.16,KG,3.39,21.19,€
10728,6356384,peixaria-e-talho,Lombinhos de Salmão Com Ervas Aromáticas,0.38,UN,18.99,7.14,€
10729,7399899,peixaria-e-talho,Escalope Vegetariano,0.16,KG,4.39,27.44,€
10730,7374673,peixaria-e-talho,Petinga Inteira Ultracongelada,1.0,KG,4.7,4.70,€
10731,7735349,peixaria-e-talho,Preparado para Arroz de Tamboril e Camarão Congelado,0.6,KG,6.59,10.98,€
10732,7475399,peixaria-e-talho,Rabos de Pescada Fresca,0.3,KG,3.29,10.97,€
10733,7466608,peixaria-e-talho,Camarão Cozido 40/60 Fresco,1.0,KG,11.99,11.99,€
10734,2147667,peixaria-e-talho,Raia Inteira Fresca,3.0,UN,4.99,14.97,€
10735,7069725,peixaria-e-talho,Perna de Frango,0.75,UN,4.7,3.53,€
10736,7303602,peixaria-e-talho,Lombos de Bacalhau MSC Curados com Flor de Sal Congelados,0.8,KG,21.68,27.10,€
10737,6028285,peixaria-e-talho,Sapateira Cozida Ultracongelada,0.9,UN,14.99,13.49,€
10738,7191114,peixaria-e-talho,Supremos de Novilho Wagyu & Angus,0.3,KG,9.39,46.95,€
10739,7621344,peixaria-e-talho,Tataki de Atum Braseado MSC Ultracongelado,0.3,KG,5.99,19.97,€
10740,7212337,peixaria-e-talho,Polvo do Algarve Ultracongelado,1.3,UN,17.99,23.39,€
10741,7027036,peixaria-e-talho,Hambúrguer Vegetariano com Pimentos Assados,0.16,KG,4.39,27.44,€
10742,6776217,peixaria-e-talho,Bacalhau Especial 1ª Ilhas Faroé,3.5,UN,15.08,52.78,€
10743,7465518,peixaria-e-talho,Gamba Rosa de Moçambique Ultracongelada,0.8,KG,9.99,12.49,€
10744,7735879,peixaria-e-talho,Filete de Salmão Congelado,0.36,KG,8.99,24.97,€
10745,7647691,peixaria-e-talho,Gambão Argentino Ultracongelado,0.3,KG,8.39,27.97,€
10746,4228877,peixaria-e-talho,Hambúrguer de Tofu e Cogumelos,0.15,KG,3.49,21.81,€
10747,7463220,peixaria-e-talho,Almôndegas Vegetarianas com Tomate,0.25,UN,3.55,3.55,€
10748,7630260,peixaria-e-talho,Lombos de Bacalhau Seco,1.8,KG,45.75,25.42,€
10749,7005360,peixaria-e-talho,Camarão Selvagem de Moçambique 10/20 Ultracongelado,0.4,KG,15.99,39.98,€
10750,4793891,peixaria-e-talho,Paloco do Pacífico MSC Desfiado Congelado,0.5,KG,5.29,10.58,€
10751,6628813,peixaria-e-talho,Posta de Cação Congelada,0.16,UN,9.99,1.60,€
10752,6391585,peixaria-e-talho,Bacalhau Posta Fina Ultracongelado,0.8,KG,7.53,9.41,€
10753,7337338,peixaria-e-talho,Camarão de Madagáscar Selvagem Ultracongelado,0.4,KG,5.49,13.73,€
10754,5900543,peixaria-e-talho,Bacalhau Especial 1ª Islândia Seco,4.0,UN,14.99,59.96,€
10755,2147719,peixaria-e-talho,Sargo da Costa Fresco,0.8,UN,10.99,8.79,€
10756,2839966,peixaria-e-talho,Perninha de Frango do Campo,0.65,UN,7.53,4.89,€
10757,5830172,peixaria-e-talho,Hambúrguer de Cereais com Queijo,0.16,KG,3.49,21.81,€
10758,7463222,peixaria-e-talho,Bocados Mediterrâneos,0.16,UN,3.95,3.95,€
10759,4228867,peixaria-e-talho,Bifes de Soja Natural,0.15,KG,4.49,17.96,€
10760,7718438,peixaria-e-talho,Almôndegas de Cogumelos,0.42,KG,9.99,23.79,€
10761,7463789,peixaria-e-talho,Delícias de Salmão Fumado Congelado,0.125,KG,0.93,7.44,€
10762,6917879,peixaria-e-talho,Carpaccio de Salmão Fumado,0.1,KG,8.99,89.90,€
10763,2926865,peixaria-e-talho,Bacalhau Sortido >3 kg,3.7,UN,11.31,41.85,€
10764,7683736,peixaria-e-talho,Lombos de Bacalhau sem Pele Congelado,0.3,KG,6.59,21.97,€
10765,7424103,peixaria-e-talho,Mix Salsichas Sabor Lusitano,0.54,UN,6.99,3.77,€
10766,6561372,peixaria-e-talho,Hambúrguer Abóbora,0.16,KG,3.39,21.19,€
10767,5407574,peixaria-e-talho,Posta Pargo Grande Fresca,0.25,UN,22.99,5.75,€
10768,6561374,peixaria-e-talho,Hambúrguer Goji,0.16,KG,3.39,21.19,€
10769,7374475,peixaria-e-talho,Posta de Espadarte Ultracongelada,0.4,UN,15.99,6.40,€
10770,7683739,peixaria-e-talho,Lombo de Bacalhau Skrei Congelado,0.4,KG,9.42,23.55,€
10771,3589971,peixaria-e-talho,Bacalhau Crescido 1ª Noruega,1.5,UN,12.25,19.60,€
10772,5239653,peixaria-e-talho,Lombos de Salmão Ultracongelado,0.3,KG,9.99,33.30,€
10773,5829042,peixaria-e-talho,Lombinhos de Coelho,0.63,UN,13.59,8.56,€
10774,6717023,peixaria-e-talho,Entrecosto de Porco Preto,0.25,KG,2.34,9.36,€
10775,7069756,peixaria-e-talho,Miúdos de Frango,0.5,UN,4.23,2.12,€
10776,7175009,peixaria-e-talho,Salsicha Crioula,0.4,KG,4.59,11.48,€
10777,3909488,peixaria-e-talho,Dobrada de Bovino Congelada,1.3,UN,5.65,7.35,€
10778,7481163,peixaria-e-talho,Posta de Bacalhau MSC Congelada,0.26,KG,4.19,16.12,€
10779,2148380,peixaria-e-talho,Mexilhão Fresco,1.1,UN,2.29,2.52,€
10780,7430992,peixaria-e-talho,Espadilha Congelado,0.8,KG,3.99,4.99,€
10781,7157338,peixaria-e-talho,Camarão de Madagáscar 60/80 ASC Congelado,0.8,KG,19.99,24.99,€
10782,7623965,peixaria-e-talho,Salada César Vegan,0.19,KG,2.99,15.74,€
10783,6885693,peixaria-e-talho,Bacalhau Graúdo 1ª Ilhas Faroé,2.5,UN,14.14,35.35,€
10784,7450969,peixaria-e-talho,Posta Média de Bacalhau MSC Higienizada Congelada,0.35,UN,8.48,2.97,€
10785,6621383,peixaria-e-talho,Atum fumado Noruega,0.08,KG,3.69,46.13,€
10786,7630269,peixaria-e-talho,Cachaço de Bacalhau Seco,1.4,KG,18.3,13.07,€
10787,7630306,peixaria-e-talho,Lombos de Bacalhau Gourmet Congelado,1.0,KG,27.12,27.12,€
10788,4086851,peixaria-e-talho,Hambúrguer de Soja com Aveia,0.15,KG,3.49,21.81,€
10789,6244386,peixaria-e-talho,Chilli Vegetal,0.32,KG,4.65,14.53,€
10790,7069755,peixaria-e-talho,Moelas de Frango,0.9,UN,4.23,3.81,€
10791,4228857,peixaria-e-talho,Bifes de Soja com Molho Tomate,0.25,KG,4.49,17.96,€
10792,2147590,peixaria-e-talho,Safio da Costa Fresco,4.0,UN,4.99,19.96,€
10793,7257870,peixaria-e-talho,Jardineira de Novilho,0.4,UN,14.99,6.00,€
10794,2231821,peixaria-e-talho,Fígado de Porco,1.3,UN,2.34,3.04,€
10795,6302513,peixaria-e-talho,Preparado para Mariscada Ultracongelado,0.5,KG,7.2,14.40,€
10796,7577540,peixaria-e-talho,Preparado para Massada de Marisco sem Glúten Congelado,0.8,KG,7.53,9.41,€
10797,2508529,peixaria-e-talho,Ameijoa Japonesa Fresca,1.0,UN,10.99,10.99,€
10798,6717038,peixaria-e-talho,Lagartos de Porco Preto,0.25,KG,4.7,18.80,€
10799,6917858,peixaria-e-talho,Muxama de Atum,0.11,KG,5.69,51.73,€
10800,7463785,peixaria-e-talho,Conquilha Congelada,0.25,KG,4.99,19.96,€
10801,2147682,peixaria-e-talho,Ruivo Fresco,1.0,UN,4.49,4.49,€
10802,7683733,peixaria-e-talho,Porções de Bacalhau sem Pele Congelado,0.5,KG,8.48,16.96,€
10803,4349943,peixaria-e-talho,Garoupa Pequena Fresca,1.0,UN,12.99,12.99,€
10804,7320941,peixaria-e-talho,Lagosta Selvagem de Moçambique Ultracongelada,0.8,KG,34.99,43.74,€
10805,7483600,peixaria-e-talho,Perna de Borrego Congelada,1.95,UN,10.99,21.43,€
10806,7627983,peixaria-e-talho,Pescadinha do Cabo Ultracongelada,0.9,KG,5.99,6.66,€
10807,2213943,peixaria-e-talho,Perca do Nilo sem Cabeça Congelada,2.3,UN,9.99,22.98,€
10808,6780303,peixaria-e-talho,Camarão Selvagem Madagáscar 20/30 Congelado,0.3,UN,29.99,9.00,€
10809,4736010,peixaria-e-talho,Caracol Cozido Branco,0.6,KG,5.99,9.98,€
10810,7544035,peixaria-e-talho,Cocktail de Bivalves Congelados,0.25,KG,3.49,13.96,€
10811,6779470,peixaria-e-talho,Camarão Selvagem de Madagáscar 30/40 Ultracongelado,0.8,KG,24.99,31.24,€
10812,7268321,peixaria-e-talho,Camarão da Costa Cozido Fresco,0.25,KG,10.99,43.96,€
10813,7307742,peixaria-e-talho,Pescada Inteira Grande do Cabo MSC Congelada,1.5,UN,5.65,8.48,€
10814,5059425,peixaria-e-talho,Bife de Veado Congelado,0.25,KG,6.49,25.96,€
10815,5367166,peixaria-e-talho,Pargo Grande Fresco,2.0,UN,13.99,18.19,€
10816,7683734,peixaria-e-talho,Filetes de Bacalhau Congelado,0.36,KG,5.65,15.69,€
10817,7461790,peixaria-e-talho,Frango Inteiro com miúdos Biológico,2.5,UN,8.0,20.00,€
10818,7574671,peixaria-e-talho,Porções De Atum-Albacora MSC Marinado Ultracongelado,0.25,KG,5.99,23.96,€
10819,7714487,peixaria-e-talho,Camarão Cozido 30/40 Fresco,0.5,KG,7.99,15.98,€
10820,6561375,peixaria-e-talho,Hambúrguer Sementes sem Glúten,0.16,KG,3.39,21.19,€
10821,7613022,peixaria-e-talho,Miolo de Camarão Cozido 30/40 Fresco,0.25,UN,6.99,27.96,€
10822,4404282,peixaria-e-talho,Lombo Tamboril Fresco,0.9,UN,21.99,9.90,€
10823,7718435,peixaria-e-talho,Almôndegas de Beterraba,0.42,KG,9.99,23.79,€
10824,2507186,peixaria-e-talho,Polvo Cabeçudo Fresco,1.6,UN,7.99,12.78,€
10825,4131357,peixaria-e-talho,Moelas de Pato,0.7,KG,5.99,8.56,€
10826,7479365,peixaria-e-talho,Lombinho de Porco 4 Pimentas,0.85,UN,12.39,10.53,€
10827,6917860,peixaria-e-talho,Atum com Molho de Alho,0.11,KG,4.99,45.36,€
10828,2231825,peixaria-e-talho,Língua de Porco,0.6,UN,5.17,3.10,€
10829,5828974,peixaria-e-talho,Mãozinhas de Coelho,0.37,UN,13.79,5.10,€
10830,6050798,peixaria-e-talho,Mão de Vitela sem Osso Congelada,2.2,UN,4.23,9.31,€
10831,7497998,peixaria-e-talho,Sapateira Cozida Congelada,0.4,KG,7.99,19.98,€
10832,7521307,peixaria-e-talho,Picado Vegan de Proteína Vegetal,0.2,KG,4.99,24.95,€
10833,7526945,peixaria-e-talho,Amêijoa Macha Nacional,0.4,KG,7.99,19.98,€
10834,2226320,peixaria-e-talho,Maruca Inteira Média Congelada,1.55,UN,12.99,20.13,€
10835,7047907,peixaria-e-talho,Medalhões de Perca do Nilo Congelados,0.4,KG,5.99,14.97,€
10836,5779991,peixaria-e-talho,Lombinhos de Frango Panados,0.4,UN,10.69,4.28,€
10837,5059441,peixaria-e-talho,Bife de Javali Ultracongelado,0.25,KG,5.79,23.16,€
10838,7321236,peixaria-e-talho,Rolo Misto Folhado Queijo e Fiambre,1.4,UN,7.99,11.19,€
10839,7277588,peixaria-e-talho,Hambúrguer Sensational de Proteína Vegetal,0.226,KG,5.39,23.85,€
10840,2148382,peixaria-e-talho,Ostras Frescas,0.35,UN,4.99,1.75,€
10841,2584213,peixaria-e-talho,Perca do Nilo Fresca,2.5,UN,7.89,19.72,€
10842,7071908,peixaria-e-talho,Pescoços de Peru,0.5,UN,2.16,1.08,€
10843,7706231,peixaria-e-talho,Preparado de Arroz de Bacalhau,0.7,KG,11.8,16.86,€
10844,7630278,peixaria-e-talho,Bacalhau Especial Seco,1.6,KG,28.39,17.74,€
10845,7147183,peixaria-e-talho,Camarão Selvagem Cozido 40/60 Fresco,0.5,KG,12.99,25.98,€
10846,4480243,peixaria-e-talho,Bacalhau Rabos Seco,0.7,KG,4.89,6.99,€
10847,4955809,peixaria-e-talho,Garoupa Legítima Grande Fresca,4.5,UN,16.99,67.96,€
10848,5670377,peixaria-e-talho,Chispe de Porco,0.9,UN,2.06,1.85,€
10849,7630277,peixaria-e-talho,Bacalhau Graúdo Seco,1.2,KG,23.2,16.57,€
10850,3027941,peixaria-e-talho,Polvo Grande Fresco,4.0,UN,13.99,40.57,€
10851,7243360,peixaria-e-talho,Camarão Selvagem Cozido 10/20 Refrigerado,0.5,KG,19.99,39.98,€
10853,2147626,peixaria-e-talho,Garoupa Fesca,2.4,UN,9.99,23.98,€
10854,2507149,peixaria-e-talho,Congro Fresco,7.0,UN,6.99,48.93,€
10855,2147861,peixaria-e-talho,Sarda Grande Fresca,1.1,UN,3.99,4.39,€
10856,7630279,peixaria-e-talho,Badanas de Bacalhau Seco,0.9,KG,8.24,9.16,€
10857,7632432,peixaria-e-talho,Lombos de Bacalhau Gourmet Seco,4.0,KG,179.24,44.81,€
10858,5958776,peixaria-e-talho,Hambúrguer Vegetariano,0.15,KG,5.19,34.60,€
10859,7630271,peixaria-e-talho,Bacalhau Crescido Seco,1.4,KG,19.43,16.19,€
10860,7107399,peixaria-e-talho,Postas de Bacalhau Seco,0.6,KG,9.42,15.70,€
10861,5845067,peixaria-e-talho,Redanho Cozido de Porco,0.52,UN,2.82,1.47,€
10862,7498445,peixaria-e-talho,Carré de Novilho Fatiado no Balcão,3.5,UN,15.27,53.45,€
10863,7320935,peixaria-e-talho,Carabineiro Selvagem de Moçambique Ultracongelado,0.8,KG,65.99,82.49,€
10864,3881459,peixaria-e-talho,Polvo Limpo Ultracongelado,0.8,KG,21.09,26.36,€
10865,3911289,peixaria-e-talho,Camarão Tigre Gigante Congelado,0.4,UN,42.99,8.60,€
10866,7450976,peixaria-e-talho,Lombo de Bacalhau MSC Higienizado Congelado,0.45,UN,16.97,7.64,€
10867,7477529,peixaria-e-talho,Mariscada de Moçambique Ultracongelada,0.8,KG,29.99,37.49,€
10868,7481109,peixaria-e-talho,Camarão Vannamei Gigante 8/16 Ultracongelado,0.8,KG,26.99,33.74,€
10869,7522459,peixaria-e-talho,Lombos de Salmão com Pele Ultracongelado,0.25,KG,9.49,37.96,€
10870,7505546,peixaria-e-talho,Sapateira Cozida Ultracongelada,0.6,KG,12.79,21.32,€
10871,7501246,peixaria-e-talho,Pernas de Caranguejo Real Cozido Congelado,0.5,KG,69.99,139.98,€
10872,7227707,congelados,Douradinhos de Peixe Ómega-3,1.4,KG,12.99,9.12,€
10873,3002399,congelados,Pizza Ristorante de Pepperoni e Salame,0.337,KG,3.79,11.84,€
10874,7371936,congelados,Gelado Mini Double Gold Caramel Billionaire,0.33,LT,6.65,20.15,€
10875,5508371,congelados,Veggie Hambúrgueres,0.25,KG,2.99,11.96,€
10876,7724757,congelados,Gelado Mini Double Starchaser,0.33,LT,6.99,21.18,€
10877,4712309,congelados,Gelado Super Maxi,0.39,LT,3.09,7.92,€
10878,7105632,congelados,Gelado Strawberry Cheesecake,0.465,LT,6.79,14.60,€
10879,6886216,congelados,Gelado Morango Les Classiques,0.75,LT,2.19,2.92,€
10880,6089483,congelados,Filetes de Pescada sem Glúten,0.32,KG,5.83,18.22,€
10881,7628015,congelados,Gelado Classic Cone,0.248,KG,5.49,22.14,€
10882,7558972,congelados,Gelado Disney Frozen Olaf,0.36,LT,3.09,8.58,€
10883,7418308,congelados,Gelado Raffaello,0.194,KG,5.49,29.20,€
10884,7619441,congelados,Panado Vegan de Proteína Vegetal,0.27,KG,5.49,20.33,€
10886,7730113,congelados,Gelado Mix Kids,0.398,LT,3.99,€10.03, 
10887,7724758,congelados,Gelado Double Sunlover,0.44,LT,4.49,10.20,€
10888,3738132,congelados,Porções de Salmão Ultracongelado,0.5,KG,15.99,31.98,€
10889,5467663,congelados,Filetes Primavera Alho e Ervas,0.225,KG,3.74,16.62,€
10890,5779701,congelados,Crocantes de Frango Original,0.18,KG,4.99,27.72,€
10891,5779700,congelados,Crocantes de Frango Parmesão e Ervas,0.18,KG,4.99,27.72,€
10892,6601782,congelados,Crocantes de Frango Piri Piri,0.18,KG,4.99,27.72,€
10893,6911781,congelados,Filetes Primavera Quinoa e 4 Sementes,0.25,KG,3.74,14.96,€
10894,5467669,congelados,Filetes Primavera Alecrim e Sal Marinho,0.225,KG,3.74,16.62,€
10895,3002456,congelados,Pizza Ristorante de Quatro Queijos,0.361,KG,5.09,15.91,€
10896,6635820,congelados,Lombos de Salmão ASC Ultracongelado,0.5,KG,13.49,26.98,€
10897,5593773,congelados,Esparregado de Espinafres,0.75,KG,4.68,6.24,€
10898,5493595,congelados,Ervilhas,0.7,KG,2.82,4.03,€
10899,6042738,congelados,Filetes Primavera Limão,0.225,KG,3.74,16.62,€
10900,5260696,congelados,Ervilhas Primavera,0.5,KG,2.82,5.64,€
10901,5729030,congelados,Douradinhos de Peixe,0.84,KG,9.49,11.30,€
10902,7473092,congelados,Brócolos,0.533,KG,3.76,7.05,€
10903,7409959,congelados,Filetes Recheados Tomate & Mozzarella,0.3,KG,3.74,12.47,€
10904,7415729,congelados,Filetes de Dourada ASC Ultracongelada,0.2,KG,5.59,27.95,€
10905,6601780,congelados,Ervilhas Primavera,0.8,KG,4.24,5.30,€
10907,4721822,congelados,Mistura de Feijão Verde e Cenoura,0.4,KG,1.59,3.98,€
10908,7252603,congelados,Pizza de Espinafres e Queijo,0.37,KG,2.19,5.92,€
10922,5383902,congelados,Brócolos,0.4,KG,2.05,5.13,€
10923,7577212,congelados,Pizza Mozzarella,0.355,KG,5.09,14.34,€
10924,5734372,congelados,Bacalhau MSC Desfiado Congelado,0.4,KG,6.59,16.48,€
10925,7541591,congelados,Pizza Hawai,0.415,KG,5.89,14.19,€
10926,3002428,congelados,Pizza Ristorante Hawai,0.375,KG,5.09,14.34,€
10927,5292575,congelados,Milho Doce,0.75,KG,2.19,2.92,€
10928,4741881,congelados,Pescada Grande do Cabo MSC para Cozer Ultracongelada,0.8,KG,5.65,7.06,€
10929,2902677,congelados,Alho Picado,0.15,KG,2.29,15.27,€
10930,5804089,congelados,Gelado Menta,0.4,LT,5.49,13.73,€
10931,5564190,congelados,Gelado Morango,0.54,LT,5.49,10.17,€
10932,2211982,congelados,Postas Pescada Nº 3 do Cabo para Cozer Ultracongeladas,0.6,KG,8.0,13.33,€
10933,4099009,congelados,Pizza Casa di Mama de Salame,0.405,KG,5.89,15.10,€
10934,7156302,congelados,Lombos de Salmão Ultracongelado,0.25,KG,6.49,25.96,€
10935,5249069,congelados,Ervilhas Baby,0.4,KG,1.31,3.28,€
10936,2211915,congelados,Medalhões de Pescada sem Pele Ultracongelada,0.4,KG,4.61,11.53,€
10937,7630268,congelados,Medalhões de Pescada do Cabo Ultracongelada,0.36,KG,3.49,9.69,€
10938,5263701,congelados,Ervilhas,1.0,KG,1.31,1.31,€
10939,4785436,congelados,Lulas Limpas Ultracongeladas,0.4,KG,5.99,14.98,€
10940,6470103,congelados,Gelado Mini Clássico,0.48,LT,3.59,7.48,€
10941,5424943,congelados,Pizza Ristorante Carbonara,0.34,KG,5.09,14.97,€
10942,2497766,congelados,Filetes de Pescada com Limão,0.4,KG,6.19,15.48,€
10943,2839631,congelados,Mistura de Ervilhas e Cenoura,0.75,KG,1.4,1.87,€
10944,7643285,congelados,Ervilhas,0.75,KG,2.32,3.09,€
10945,7227710,congelados,Nuggets de Frango Polme Americano,0.22,KG,2.99,12.20,€
10959,2241682,congelados,Batata Palitos Tradition,1.0,KG,3.59,3.59,€
10960,4470616,congelados,Pizza Ristorante Bolonhesa,0.395,KG,5.09,13.57,€
10961,3911249,congelados,Batata Gomos Mediterranean,0.75,KG,2.99,3.99,€
10962,7334029,congelados,Pizza de Fiambre e Queijo,0.33,KG,2.19,6.64,€
10963,6089206,congelados,Nuggets de Frango,0.375,KG,9.99,26.64,€
10964,6089219,congelados,Nuggets de Frango e Queijo,0.375,KG,9.99,26.64,€
10965,7095060,congelados,Salteado da Horta,0.4,KG,3.19,7.98,€
10966,7334025,congelados,Pizza Mozzarella,0.335,KG,2.19,6.17,€
10967,6926220,congelados,Fingers de Espinafres,0.284,KG,2.99,10.53,€
10968,7047911,congelados,Lombos de Perca do Nilo Congelados,0.4,KG,7.99,19.98,€
10969,6181414,congelados,Grelhados de Frango Barbecue,0.174,KG,2.99,17.18,€
10970,7316047,congelados,Batatas Palitos Finas Pack Poupança,2.5,KG,4.89,1.96,€
10971,6911782,congelados,Filetes Primavera Espelta e Cevada,0.25,KG,3.74,14.96,€
10972,6089518,congelados,Gelado Mini Double Framboesa,0.36,LT,6.65,18.47,€
10973,3700127,congelados,Puré de Batata,0.75,KG,3.34,4.45,€
10974,4738009,congelados,Pescada Média do Cabo MSC para Cozer Ultracongelada,0.6,KG,3.76,6.27,€
10975,5391869,congelados,Grelos Mil-Folhas,0.4,KG,2.29,5.73,€
10976,7529444,congelados,Filete Primavera Sementes de Linhaça & Girassol,0.22,KG,2.49,11.32,€
10977,7453050,congelados,"Refeição Vegetariana de Cevada, Ervilhas e Espinafres",0.35,KG,2.29,6.54,€
10978,5730946,congelados,Douradinhos de Peixe,0.45,KG,4.99,11.88,€
10979,4882809,congelados,Douradinhos de Frango,0.25,KG,3.49,13.96,€
10980,5025234,congelados,Delícias do Mar Ultracongeladas,0.45,KG,2.69,5.98,€
10981,4935930,congelados,Bacalhau Desfiado Ultracongelado,0.4,KG,5.64,14.10,€
10982,4310316,congelados,Douradinhos de Salmão,0.28,KG,4.99,17.82,€
10996,7390755,congelados,Gelado Mini Três Chocolates,0.55,LT,8.29,15.07,€
10997,4676679,congelados,Supremas de Bacalhau Ultracongeladas,0.4,KG,5.17,12.92,€
10998,7520332,congelados,Pizza Carbonara,0.34,KG,2.19,6.44,€
10999,7400532,congelados,Pizza Marguerita,0.365,KG,5.59,15.32,€
11000,7258371,congelados,Miolo de Camarão Selvagem 60/80 Congelado,0.4,KG,7.99,19.98,€
11001,7415730,congelados,Filetes de Robalo ASC Ultracongelado,0.2,KG,5.99,29.95,€
11002,7252666,congelados,Pizza Romana,0.35,KG,2.19,6.26,€
11003,6786321,congelados,Pão de Queijo,0.3,KG,2.99,9.97,€
11004,2212125,congelados,Tranches de Pescada sem Pele Ultracongeladas,0.5,KG,6.74,13.48,€
11005,6290826,congelados,Framboesas,0.5,KG,3.99,7.98,€
11006,5020771,congelados,Argolas do Mar Ultracongeladas,0.4,KG,2.49,6.23,€
11007,7486295,congelados,Cubos de Curgete,0.3,KG,1.87,6.23,€
11009,7541594,congelados,Pizza Salame Romano,0.385,KG,4.19,10.88,€
11010,4120659,congelados,Tomate em Cubos,0.4,KG,0.83,2.08,€
11011,5014116,congelados,Mimos de Pescada do Cabo Ultracongelados,1.0,KG,9.42,9.42,€
11012,6649190,congelados,Crocantes de Frango Recheados Alho e Ervas,0.204,KG,3.99,19.56,€
11013,7404775,congelados,Barrinhas de Pescada sem Glúten,0.3,KG,2.82,9.40,€
11014,4490751,congelados,Miolo de Camarão Gigante 15/30 Ultracongelado,0.25,KG,7.19,28.76,€
11015,6781840,congelados,Espargos Verdes,0.3,KG,3.19,10.63,€
11016,4643562,congelados,Lombos de Salmão MSC Ultracongelado,0.25,KG,9.99,39.96,€
11017,7173580,congelados,Batata Palitos para Forno Express,0.5,KG,3.49,6.98,€
11019,6787602,congelados,Gelado Pralines & Cream,0.46,LT,5.59,12.15,€
11033,6531407,congelados,Puré de Batata com Noz Moscada,1.0,KG,2.29,2.29,€
11034,7442414,congelados,Posta de Pescada do Chile Nº5 para Cozer Ultracongelada,0.6,KG,9.42,15.70,€
11036,7371928,congelados,Gelado Clássico,0.54,LT,5.49,10.17,€
11037,7622287,congelados,Gelado Mini Magníficos Amêndoa,0.456,UN,3.19,0.27,€
11038,6886227,congelados,Gelado Nata Les Classiques,0.75,LT,2.19,2.92,€
11039,6536213,congelados,Batata Palitos Pack Poupança,2.5,KG,4.49,1.80,€
11040,5893654,congelados,Barrinhas de Salmão sem Glúten,0.3,KG,2.82,9.40,€
11042,6744532,congelados,Cogumelos Laminados,0.4,KG,0.89,2.23,€
11043,7630623,congelados,Castanhas de Trás-os-Montes,0.5,KG,5.99,11.98,€
11044,6886243,congelados,Gelado Chocolate Les Classiques,0.75,LT,2.19,2.92,€
11045,4099011,congelados,Pizza Casa di Mama de Fiambre e Cogumelos,0.42,KG,5.89,15.50,€
11046,6986608,congelados,Miolo de Camarão Selvagem Cozido 60/80 Congelado,0.25,KG,3.99,15.96,€
11048,6453385,congelados,Rissóis de Leitão de Forno,0.4,KG,2.79,6.98,€
11049,7147182,congelados,Miolo de Camarão Selvagem 100/200 Congelado,0.4,KG,4.49,11.23,€
11050,7095059,congelados,Salteado Rústico,0.4,KG,3.19,7.98,€
11051,6787743,congelados,Gelado Strawberries & Cream,0.46,LT,5.59,12.15,€
11052,7413808,congelados,Lombos de Salmão temperados com Limão Congelados,0.25,KG,6.99,27.96,€
11053,7095790,congelados,Gelado Salted Caramel & Glazed Almonds,0.27,LT,5.49,20.33,€
11054,4274548,congelados,Tiras de Pota Congeladas,0.7,KG,4.99,7.13,€
11055,7473742,congelados,Batata Doce Palitos,0.5,KG,2.49,4.98,€
11056,4298053,congelados,Miolo de Camarão Cozido 40/60 Ultracongelado,0.2,KG,5.99,29.95,€
11070,6881940,congelados,Pizza Familiar de Fiambre e Queijo,0.58,KG,3.49,6.02,€
11071,6550022,congelados,Batatas Noisette,1.0,KG,4.79,4.79,€
11072,6531811,congelados,Morangos,0.75,KG,3.49,4.65,€
11073,7042361,congelados,Filetes de Peixe Gato Riscado Congelados,1.0,KG,6.99,6.99,€
11074,6923800,congelados,Gelado Classicone Morango,0.72,LT,2.39,3.32,€
11075,6601781,congelados,Filetes Primavera Original sem Glúten,0.25,KG,3.49,13.96,€
11076,4917531,congelados,Miolo de Mexilhão Ultracongelado,0.25,KG,1.79,7.16,€
11077,7243366,congelados,Barrinhas de Pescada com Limão sem Glúten,0.3,KG,5.65,18.83,€
11078,5695002,congelados,Calamares,0.4,KG,1.99,4.97,€
11079,7411095,congelados,Gelado Stracciatella,0.95,LT,2.79,2.94,€
11080,5383883,congelados,Ervilhas,0.4,KG,2.05,5.13,€
11081,5640759,congelados,Filetes de Pescada Congelados,1.0,KG,6.79,6.79,€
11082,7621341,congelados,Bife de Atum Ultracongelado,0.25,KG,3.99,15.96,€
11083,5773171,congelados,Posta de Corvina 2ª Pele Congelada,0.22,UN,12.99,2.86,€
11084,4785427,congelados,Lulas Limpas Ultracongeladas,1.0,KG,12.99,12.99,€
11086,6916887,congelados,Gratinado De Peixe Limão e Ervas sem Glúten,0.38,KG,3.49,9.18,€
11087,5273119,congelados,Gelado Caramelo Salgado Les Desserts,0.9,LT,3.59,3.99,€
11088,2211918,congelados,Lombos de Pescada MSC Ultracongelados,0.4,KG,4.24,10.60,€
11089,5548894,congelados,Mini Pizzas de Tomate e Mozzarella,0.27,KG,4.75,17.59,€
11090,3796750,congelados,Pizza Ristorante de Frango,0.375,KG,3.79,€10.68, 
11091,6868811,congelados,Mirtilos,0.4,KG,3.19,7.98,€
11092,7291126,congelados,Lombos de Bacalhau MSC Demolhado Ultracongelados,0.6,KG,14.14,23.57,€
11093,7442661,congelados,Filetes de Solha MSC Ultracongelada,0.4,KG,6.49,16.23,€
11108,6616904,congelados,Batata Noisette,1.0,KG,2.99,2.99,€
11109,7444747,congelados,Gelado Baunilha e Caramelo,0.95,LT,2.79,2.94,€
11110,6452022,congelados,Douradinhos de Peixe Estaladiços,0.336,KG,4.99,14.85,€
11111,3779616,congelados,Bifes de Atum Ultracongelados,0.4,KG,8.99,22.48,€
11112,6926310,congelados,Posta de Solha Congelada,0.8,KG,5.99,7.49,€
11113,6582982,congelados,"Mistura de Brócolos, Couve-flor e Cenoura",1.0,KG,1.78,1.78,€
11114,7008524,congelados,Salteado de Legumes Estilo Parisino,0.4,KG,3.19,7.98,€
11115,3634498,congelados,Choco Limpo Ultracongelado,0.6,KG,6.69,11.15,€
11116,3052221,congelados,Mini Pizzas de Fiambre e Queijo,0.27,KG,4.75,17.59,€
11117,7534025,congelados,Almôndega de Novilho Chakall,0.408,KG,5.59,13.70,€
11118,7408329,congelados,Gelado Magnífico Chocolate de Leite,0.72,LT,2.79,3.88,€
11119,6780868,congelados,Jardineira,0.75,KG,0.84,1.12,€
11120,2858254,congelados,Gelado Mini Double Caramelo e Chocolate,0.36,LT,6.65,18.47,€
11121,6583845,congelados,Pizza Capricciosa,0.4,KG,3.69,9.23,€
11122,2632478,congelados,Mimos de Pescada Ultracongelada,0.36,KG,3.29,9.14,€
11123,7363331,congelados,Pizza Massa Fina Fiambre e Queijo,0.351,KG,4.99,14.22,€
11124,4563382,congelados,Miolo de Camarão 80/100 Ultracongelado,0.35,KG,7.19,20.54,€
11125,4913140,congelados,Gelado Chocolate e Amêndoa,0.44,LT,5.49,12.48,€
11126,5201596,congelados,Bacalhau à Brás,0.3,KG,2.49,8.30,€
11127,4283251,congelados,Perna de Pato Congelada,0.55,UN,6.89,3.79,€
11128,4616789,congelados,Cubos de Tamboril Congelado,0.5,KG,3.79,7.58,€
11129,7146449,congelados,Miolo de Amêijoa Dourada Ultracongelada,0.25,KG,2.99,11.96,€
11130,5117294,congelados,Barrinhas de Pescada,1.2,KG,7.89,6.58,€
11144,7326557,congelados,Pizza Massa Fina Pepperoni,0.332,KG,4.99,15.03,€
11145,7291007,congelados,Bacalhau Desfiado MSC Demolhado Ultracongelado,0.5,KG,5.65,11.30,€
11147,7380640,congelados,Nuggets Proteína Vegetal Polme Estilo Americano,0.22,KG,3.99,18.14,€
11148,7413811,congelados,Lombos de Salmão Temperados com Alho Congelados,0.25,KG,6.99,27.96,€
11149,5962602,congelados,Pizza Ristorante de Salame sem Glúten,0.315,KG,5.55,17.62,€
11150,5718357,congelados,Batata Cubos,1.0,KG,1.99,1.99,€
11151,7411089,congelados,Gelado Banana Split,0.95,LT,2.79,2.94,€
11152,7539023,congelados,Gelado Mania Classic,0.836,LT,9.99,11.95,€
11153,4952137,congelados,Medalhões de Pescada do Cabo Ultracongelados,0.4,KG,3.48,8.70,€
11154,4277919,congelados,Choco Limpo Ultracongelado,0.5,KG,8.99,17.98,€
11155,2212468,congelados,Postas de Pescada Nº5 do Cabo MSC Ultracongelada,0.8,KG,8.99,11.24,€
11156,7164297,congelados,Gelado Classicone Caramelo Salgado,0.72,LT,2.39,3.32,€
11157,7367887,congelados,Lombos de Pescada do Cabo Congelada,0.36,KG,4.61,12.81,€
11158,3052233,congelados,Mini Pizzas de Três Queijos,0.27,KG,4.75,17.59,€
11159,7408497,congelados,Gelado Magnífico Chocolate Leite e Amêndoa,0.72,LT,2.79,3.88,€
11160,7584155,congelados,Gelado Mini Classicone Clássico,12.0,KG,2.79,8.30,€
11161,5148306,congelados,Crepes com Chocolate Belga,0.54,KG,3.99,7.39,€
11162,7297556,congelados,Douradinhos de Pescada,0.45,KG,3.19,7.09,€
11163,5546993,congelados,Lula Cortada da Patagónia Ultracongelada,0.4,KG,7.39,18.48,€
11164,6787709,congelados,Gelado Macadamia Nut Brittle,0.46,LT,5.59,12.15,€
11165,5045043,congelados,Gelado Fizz Limão,0.33,LT,2.99,8.31,€
11166,7325792,congelados,Hambúrguer 100% Carne de Bovino Angus Chakall Congelado,0.64,KG,6.87,10.73,€
11167,3897404,congelados,Delícias do Mar em Forma de Lagosta Ultracongeladas,0.225,KG,3.32,13.02,€
11181,5468982,congelados,Pizza Marguerita,0.3,KG,1.49,4.97,€
11182,6393006,congelados,Pastéis de Chaves,0.34,KG,3.69,10.85,€
11183,7558968,congelados,Gelado Vanilla Brownie & Raspberry,0.42,LT,5.59,13.31,€
11184,5656402,congelados,Alho Francês Cortado,0.75,KG,0.93,1.24,€
11185,7411519,congelados,Redondos de Pescada do Cabo Ultracongelada,0.5,KG,3.69,7.38,€
11186,4704539,congelados,Gelado Perna de Pau,0.42,LT,3.09,7.36,€
11187,7656035,congelados,Medalhões de Salmão Ultracongelado,0.4,KG,10.99,27.47,€
11188,5948645,congelados,Empanadilha Cogumelos,0.33,KG,4.39,13.30,€
11190,7207958,congelados,Mini Hambúrgueres de Beterraba,0.27,KG,3.99,14.78,€
11191,4734157,congelados,Perna de Frango Inteira Congelada,1.0,KG,3.57,3.57,€
11192,4734165,congelados,Coxa de Frango Congeladas,1.0,KG,3.69,3.69,€
11194,5553145,congelados,Gelado Calippo Morango,0.525,LT,2.49,4.74,€
11195,6772659,congelados,Riced Veggies de Couve-flor e Quinoa,0.5,KG,2.19,4.38,€
11198,7071951,congelados,Batata Doce Palitos para Forno,0.5,KG,4.74,9.48,€
11199,7584212,congelados,Gelado Cookies & Cream,4.0,KG,2.69,9.89,€
11200,7538679,congelados,Gelado Mini Bites de Morango,0.1,LT,1.49,14.90,€
11201,6787649,congelados,Gelado Cookies & Cream,0.46,LT,5.59,12.15,€
11202,5177897,congelados,Arroz de Pato,0.3,KG,2.99,9.97,€
11204,7163251,congelados,Croquetes de Carne,0.32,KG,2.99,9.34,€
11218,7538722,congelados,Gelado Mini Bites de Baunilha,0.1,LT,1.49,14.90,€
11219,7207960,congelados,Almôndegas de Proteína Vegetal,0.24,KG,3.99,16.62,€
11220,7430573,congelados,Gelado Mini Magníficos Sortido de Clássicos,0.6,LT,3.19,5.32,€
11221,5322836,congelados,Rissóis de Camarão para Forno,0.36,KG,3.09,8.58,€
11222,7071705,congelados,Miolo de Gamba Rosa Selvagem de Moçambique 30/40 Congelado,0.25,KG,6.99,27.96,€
11223,7594144,congelados,Mirtilos,0.3,KG,4.99,16.63,€
11224,5340104,congelados,Filetes de Pescada Panados,1.0,KG,7.89,7.89,€
11225,5022591,congelados,Cebola Picada,0.35,KG,1.12,3.20,€
11226,7341857,congelados,Gnocchi com Molho de Tomate e Espinafres,0.5,KG,3.69,7.38,€
11227,5696986,congelados,Hambúrguer de Frango sem Glúten,0.48,KG,6.59,13.73,€
11228,5734410,congelados,Postas Tradicionais de Bacalhau MSC Ultracongeladas,0.55,KG,10.84,19.71,€
11229,5135637,congelados,Crepes Simples,1.0,KG,4.29,€4.29, 
11230,7534014,congelados,Salsichas de Proteína Vegetal,0.2,KG,2.49,12.45,€
11231,7540600,congelados,Gelado Magnífico Cookies,0.6,LT,2.79,4.65,€
11232,5100653,congelados,Lasanha Bolonhesa,0.6,KG,3.19,5.32,€
11233,7103164,congelados,Tentáculos de Pota Cozidos Congelados,0.4,KG,7.49,18.73,€
11234,5784385,congelados,Nuggets de Frango,1.042,KG,25.99,24.94,€
11235,7484544,congelados,Tiras de Entrecosto de Porco Congeladas,0.7,UN,6.09,4.26,€
11236,4310318,congelados,Veggie Fingers,0.284,KG,2.99,10.53,€
11237,5618179,congelados,Petit Gâteau de Chocolate,0.32,KG,3.29,10.28,€
11238,7207957,congelados,Miniburgers de Batata Doce,0.27,KG,3.99,14.78,€
11239,7521862,congelados,Gelado Calippo Cola,0.105,LT,2.49,4.74,€
11240,7526169,congelados,Hambúrguer Panado Vegan Sabor a Frango,0.18,KG,3.09,17.17,€
11241,7411093,congelados,Gelado Morango e Merengue,0.95,LT,2.79,2.94,€
11255,5593788,congelados,Hambúrgueres sem Glúten,0.64,KG,6.99,10.92,€
11256,6577347,congelados,Petit Gâteau de Chocolate Negro,0.32,KG,3.29,10.28,€
11257,7384638,congelados,Rabos de Pescada MSC Ultracongelado,1.5,KG,4.7,3.13,€
11259,7411092,congelados,Gelado Limão e Merengue,0.95,LT,2.79,2.94,€
11261,5971143,congelados,Galettes de Cenoura e Abóbora,0.3,KG,3.99,13.30,€
11262,6329011,congelados,Douradinhos de Peixe,0.9,KG,4.99,5.54,€
11263,7573261,congelados,Lulinhas Ultracongeladas,0.5,KG,7.99,15.98,€
11264,3726242,congelados,Lombinhos do Mar Ultracongelados,0.25,KG,2.48,9.92,€
11265,7576788,congelados,Pizza Snacks 3 Queijos,0.25,KG,4.99,19.96,€
11266,2214092,congelados,Potas Congeladas,0.6,UN,6.99,2.10,€
11267,6927373,congelados,Chicken Fingers,0.3,KG,2.29,7.63,€
11268,5273133,congelados,Gelado Vanilla Pecan Les Desserts,0.9,LT,3.59,3.99,€
11269,7138229,congelados,Croquetes de Espinafres,0.35,KG,2.69,7.69,€
11270,7071730,congelados,Miolo de Camarão Selvagem 30/50 Congelado,0.25,KG,5.99,23.96,€
11271,6536239,congelados,Miolo de Gambão 20/40 Ultracongelado,0.2,KG,6.99,34.95,€
11272,5316646,congelados,Tiras de Pota Ultracongeladas,0.5,KG,5.79,11.58,€
11274,7207956,congelados,Falafel,0.45,KG,4.99,11.09,€
11275,7411520,congelados,Gelado Chocolate e Avelã,0.95,LT,2.79,2.94,€
11276,7324619,congelados,Filetes de Tamboril Ultracongelado,0.25,KG,5.99,23.96,€
11277,7541597,congelados,Pizza Spinaci e Ricotta,0.415,KG,4.19,10.10,€
11278,7411091,congelados,Gelado Caramelo Salgado,0.95,LT,2.79,2.94,€
11292,7622307,congelados,Gelado Caramelo com cobertura chocolate,0.24,KG,4.09,17.04,€
11293,7397701,congelados,Arroz de Pato Pack Poupança,0.5,KG,4.59,9.18,€
11294,7442169,congelados,Crispy Hambúrgueres de Proteína Vegetal,0.2,KG,3.99,19.95,€
11295,7646270,congelados,Nuggets de Frango Panados,1.0,KG,11.49,11.49,€
11296,7539025,congelados,Gelado Mini Cook Mania,0.33,LT,6.65,20.15,€
11297,6851067,congelados,Gelado Amêndoa Vegan,0.27,LT,5.49,20.33,€
11298,7577215,congelados,Pizza Speciale,0.345,KG,5.09,14.75,€
11299,7397179,congelados,Gelado Tiramisú Les Desserts,0.9,LT,3.59,3.99,€
11300,7465411,congelados,Pizza The Good Baker Broccoli & Mushroom,0.365,KG,5.89,16.14,€
11301,7308156,congelados,Nuggets de Peito de Frango Pack Poupança,1.0,KG,5.59,5.59,€
11302,5426189,congelados,Batata Palitos Steakhouse,1.0,KG,4.74,4.74,€
11303,4249238,congelados,Filetes de Pangasius Ultracongelados,0.6,KG,4.49,7.48,€
11304,7465415,congelados,Pizza La Mia Grande Salame Picante,0.38,KG,6.59,17.34,€
11305,7484543,congelados,Secretos de Porco Congelados,1.0,UN,5.65,5.65,€
11306,7541595,congelados,Pizza Pancetta Delicata,0.39,KG,4.19,10.74,€
11307,7141067,congelados,Gelado Red Berries,0.27,LT,3.24,12.00,€
11308,2240271,congelados,Posta Perca do Nilo 2ª Pele Congelada,0.29,UN,10.99,3.19,€
11309,7156595,congelados,Nuggets de Frango,0.6,KG,3.99,6.65,€
11310,7521861,congelados,Gelado Baunilha e Noz Pecan,0.465,LT,6.79,14.60,€
11311,6926588,congelados,Alas de Raia sem Pele Congeladas,0.7,KG,6.69,9.56,€
11312,2430285,congelados,Moelas de Frango Congeladas,1.0,UN,2.15,2.15,€
11313,7465340,congelados,Pizza The Good Baker Veggie Mix,0.39,KG,5.89,15.10,€
11314,5712058,congelados,Batata Palitos,1.0,KG,1.99,1.99,€
11315,5948636,congelados,Empanadilha Espinafres e Queijo,0.33,KG,4.39,13.30,€
11318,7371936,congelados,Gelado Mini Double Gold Caramel Billionaire,0.33,LT,6.65,€20.15, 
11329,6823975,congelados,Cannellonis Ricotta e Espinafres,0.3,KG,1.69,5.63,€
11330,4716958,congelados,Tranches de Salmão Selvagem MSC Ultracongelado,0.25,KG,9.99,39.96,€
11331,7624436,congelados,Gelado Epá Pintarolas,0.6,LT,3.09,5.15,€
11332,5593796,congelados,Hambúrgueres de Vaca sem Glúten,0.32,KG,3.76,11.75,€
11333,7453051,congelados,"Refeição Vegetariana de Quinoa, Feijão e Pimentos",0.35,KG,2.29,6.54,€
11334,5305520,congelados,Pernas do Mar Panadas,0.25,KG,1.79,7.16,€
11335,7719908,congelados,Petit Gâteau de Doce de Leite,0.32,KG,3.29,10.28,€
11336,6774998,congelados,Mistura de Frutos do Bosque,0.5,KG,3.99,7.98,€
11337,7095205,congelados,Gelado Chocolate Fudge Brownie,0.465,LT,6.79,14.60,€
11338,7622308,congelados,Gelado Caramelo e Manteiga de Amendoim com cobertura Chocolate,0.27,KG,4.09,15.15,€
11339,6787749,congelados,Gelado Caramel Biscuit & Cream,0.46,LT,5.59,12.15,€
11341,7055967,congelados,Pão de Queijo,0.3,KG,2.69,8.97,€
11342,2844079,congelados,Tarte Gelada de Chocolate,0.65,LT,1.99,3.06,€
11343,7453049,congelados,Refeição Vegetariana de Lentilhas e Legumes,0.35,UN,2.29,2.29,€
11344,5538913,congelados,Base de Pato Desfiado,0.3,KG,4.99,16.63,€
11345,7363082,congelados,Pop Nuggets,0.3,KG,2.99,9.97,€
11346,7397213,congelados,Gelado Pint Duo Belgian Chocolate & Strawberry,0.42,LT,5.59,13.31,€
11347,7576796,congelados,Pizza Deep Pan Pepperoni e Fiambre,0.415,KG,6.49,15.64,€
11348,7576797,congelados,Pizza Deep Pan 3 Queijos,0.421,KG,6.49,15.42,€
11349,2879958,congelados,Amêijoa Vietnamita com Casca Congelada,0.68,UN,1.99,1.35,€
11350,7616876,congelados,Lombos Naturais de Pescada Ultracongelada,0.2,KG,2.34,11.70,€
11351,7064813,congelados,Soja em Pedaços Molho Mediterrâneo,0.18,KG,3.99,22.17,€
11352,7120788,congelados,Rissóis de Camarão,0.45,KG,1.89,4.20,€
11366,7584214,congelados,Gelado Fresh Limão e Morango,6.0,UN,2.79,0.47,€
11367,4897282,congelados,Postas de Maruca Ultracongelada,0.6,KG,9.79,16.32,€
11368,4792273,congelados,Delícias do Mar em Forma de Lagosta Ultracongeladas,0.255,KG,2.19,8.59,€
11369,6306227,congelados,Baguete de Tomate com Manjericão,0.35,KG,1.49,4.26,€
11370,6878571,congelados,Posta de Tintureira Congelada,0.3,UN,5.99,1.80,€
11371,7541598,congelados,Pizza Mozzarella e Pesto,0.39,KG,4.19,10.74,€
11372,2474413,congelados,Gelado Stracciatella Les Desserts,0.9,LT,3.59,3.99,€
11373,7521863,congelados,Gelado New York Cheesecake,0.9,LT,3.59,3.99,€
11374,5477664,congelados,Medalhões de Pescada do Cabo Ultracongelada,2.0,KG,23.57,11.79,€
11375,7545914,congelados,Tranches de Salmão Ultracongelado,0.45,KG,10.99,24.42,€
11376,6927371,congelados,Palitos de Queijo,0.24,KG,2.09,8.71,€
11377,4952133,congelados,Lombos de Pescada do Cabo Ultracongelados,0.4,KG,3.76,9.40,€
11378,7304952,congelados,Rabo de Bovino Congelado,0.9,UN,9.89,8.90,€
11379,5742334,congelados,Tiras de Pota Panadas,1.0,KG,6.99,6.99,€
11380,4725995,congelados,Barrinhas de Pescada Ómega 3,0.45,KG,6.29,13.98,€
11381,7222255,congelados,Hambúrguer de Peru,0.42,KG,3.99,9.50,€
11382,5272801,congelados,Gelado Morango e Merengue Les Desserts,0.9,LT,3.59,3.99,€
11383,3867963,congelados,Gelado Baunilha com Pastilha Elástica,0.6,KG,1.79,7.10,€
11384,7412680,congelados,Osso Buco de Vitela Branca Congelado,1.0,UN,9.39,9.39,€
11385,3765165,congelados,Camarão Vannamei Aquacultura 20/30 Congelado,0.4,UN,12.99,0.52,€
11386,5229649,congelados,Bacalhau Espiritual,0.8,KG,6.99,8.74,€
11387,6787662,congelados,Gelado Strawberry Cheesecake,0.46,LT,5.59,12.15,€
11388,2698380,congelados,Gelado Mini Milk,0.42,LT,2.49,5.93,€
11389,7157299,congelados,Miolo de Camarão de Madagáscar 30/40 Congelado,0.25,KG,9.99,39.96,€
11403,5962595,congelados,Pizza Ristorante de Mozzarella sem Glúten,0.37,KG,5.55,15.00,€
11404,6888962,congelados,Mini Cheesecake de Framboesa,0.2,KG,2.99,14.95,€
11405,7472617,congelados,Lula Recheada com Camarão Ultracongelada,0.5,KG,8.99,17.98,€
11406,7613826,congelados,Douradinhos de Peixe Rústicos,0.336,KG,3.99,11.88,€
11407,7184414,congelados,Batata Palitos Finos,1.0,KG,1.99,1.99,€
11408,6845206,congelados,Gelado White Chocolate and Cookies,0.44,LT,4.29,9.75,€
11409,7450715,congelados,Maxi Hambúrguer Vegetariano,0.227,KG,4.99,21.98,€
11410,7584210,congelados,Gelado Push-Pop,4.0,UN,2.79,0.70,€
11411,7346636,congelados,Preparado para Mariscada Ultracongelado,0.7,KG,5.65,8.07 ,€
11412,7409924,congelados,Gelado Magnífico Chocolate Branco com Amêndoa,0.72,LT,2.79,3.88,€
11413,2427743,congelados,Sardinha Congelada,0.3,UN,2.82,0.28,€
11414,7558971,congelados,Gelado Solero Exotic,0.27,LT,3.24,12.00,€
11415,7526165,congelados,Pedaços Vegan Sabor a Frango,0.16,KG,3.09,19.31,€
11416,6850010,congelados,Gelado Double Salted Caramel,0.44,LT,4.29,9.75,€
11417,4725996,congelados,Barrinhas de Pescada Ómega 3,0.9,KG,12.29,13.66,€
11418,7363135,congelados,Hambúrguer Powered By Plants,0.4,KG,5.49,13.73,€
11419,7584152,congelados,Gelado Magnífico Chocolate e Amêndoa Vegan,3.0,LT,2.49,9.22,€
11420,6523364,congelados,Aros de Cebola,0.45,KG,1.69,3.76,€
11421,7105465,congelados,Gelado Caramel Chew Chew,0.465,LT,6.79,14.60,€
11422,7646271,congelados,Tiras de Frango Panado,1.0,KG,11.49,11.49,€
11423,7544035,congelados,Cocktail de Bivalves Congelados,0.25,KG,3.49,13.96,€
11424,7484545,congelados,Unhas de Porco Congeladas,1.0,UN,2.15,2.15,€
11425,5768501,congelados,Lombos de Pescada MSC Ultracongelada,1.0,KG,9.33,9.33,€
11426,7647747,congelados,Medalhões de Pescada do Cabo Ultracongelada,0.5,KG,4.69,9.38,€
11440,7637334,congelados,Gelado Classic Frutos Vermelhos,0.72,KG,2.39,3.32,€
11441,7291499,congelados,Caldeirada de Bacalhau MSC Demolhado Ultracongelada,0.7,KG,3.29,4.70,€
11442,6813890,congelados,Mistura de Legumes Estilo Italiano,0.75,KG,2.29,3.05,€
11443,7291114,congelados,Postas de Bacalhau MSC Congeladas,0.8,KG,8.48,10.60,€
11444,2214091,congelados,Solha Grande Congelada,0.85,UN,6.99,5.94,€
11445,7490246,congelados,Profiteroles com Caramelo Salgado,0.24,UN,2.99,12.46,€
11446,7221517,congelados,Gelado Mini Delights Baunilha,0.35,LT,3.49,9.97,€
11447,7538720,congelados,Gelado Tips,0.08,KG,3.59,44.88,€
11448,7180150,congelados,Batata Steakhouse,1.0,KG,2.99,2.99,€
11449,7207961,congelados,Hambúrguer de Proteína Vegetal,0.2,KG,3.99,19.95,€
11450,7363139,congelados,Nuggets Powered By Plants,0.368,KG,5.49,14.92,€
11451,7471870,congelados,Tentáculos de Pota Grandes Congelados,3.0,UN,6.99,20.97,€
11452,7131130,congelados,Folhado de Salsicha,0.48,KG,3.59,7.48,€
11453,6470679,congelados,Pastéis de Legumes,0.28,KG,4.39,15.68,€
11454,7411098,congelados,Gelado Cheesecake de Frutos Vermelhos Vegan Sem Lactose,0.5,LT,3.29,6.58,€
11455,7526164,congelados,Nuggets Crocantes Vegan,0.18,KG,3.09,17.17,€
11456,5784207,congelados,Mistura de Legumes Grelhados,0.5,KG,2.99,5.98,€
11457,7521725,congelados,Gelado Mini Amêndoa Remix,0.33,LT,6.65,20.15,€
11458,6888943,congelados,Mini Cheesecake de Caramelo Salgado,0.2,KG,2.99,14.95,€
11459,7363123,congelados,Hambúrguer Powered By Plants,0.16,KG,2.99,18.69,€
11460,2182823,congelados,Pescada Inteira Média da América do Sul Congelada,0.8,UN,5.65,4.52,€
11461,7626461,congelados,Falafel Milho Doce e Quinoa,0.3,KG,4.99,16.63,€
11462,7533196,congelados,Gelado Sweet & Salty Amêndoa Remix,0.44,LT,4.29,9.75,€
11463,2166842,congelados,Pescada Inteira Grande da América do Sul Congelada,1.05,UN,4.49,4.71,€
11477,7397212,congelados,Gelado Duo Belgian Chocolate & Vanilla,0.42,LT,5.59,13.31,€
11478,7682192,congelados,Hambúrguer Vegan Proteína Vegetal,0.3,KG,5.49,18.30,€
11479,3658082,congelados,Hambúrguer de Bovino,1.0,KG,8.99,8.99,€
11480,6190167,congelados,Hambúrgueres de Vaca e Queijo sem Glúten,0.2,KG,4.7,23.50,€
11481,7182951,congelados,Espetadas de Porco Preto com Pimentos Ultracongeladas,0.45,UN,12.99,5.85,€
11482,7640106,congelados,Cordon Bleu,1.0,UN,8.99,1.12,€
11483,7680209,congelados,Covilhetes de Carne,0.26,KG,3.49,13.42,€
11484,2752176,congelados,Postas de Bacalhau Ultracongeladas,0.7,KG,15.08,21.54,€
11485,7307742,congelados,Pescada Inteira Grande do Cabo MSC Congelada,1.5,UN,5.65,8.48,€
11486,7574675,congelados,Tataki de Atum MSC Congelado,0.15,KG,4.39,29.27,€
11487,6306678,congelados,Salteado Mediterrâneo,0.7,KG,4.99,7.13,€
11488,2689516,congelados,Preparado para Arroz de Marisco Ultracongelado,0.5,KG,4.51,9.02,€
11489,7369412,congelados,Gelado Cookies & Cream Les Desserts,0.9,LT,3.59,3.99,€
11490,7714699,congelados,Gelado Salted Caramel Cappuccino,0.46,LT,5.59,12.15,€
11492,4901242,congelados,Lula Limpa 20/40 Ultracongelada,0.45,KG,8.79,19.53,€
11493,2214087,congelados,Red Fish Grande Congelado,1.2,UN,8.99,8.18,€
11494,7619442,congelados,Almôndegas Vegan de Proteína Vegetal,0.3,KG,5.49,18.30,€
11495,6379230,congelados,Miolo de Berbigão Ultracongelado,0.25,KG,6.99,27.96,€
11496,7143239,congelados,Hambúrgueres sem Glúten,1.44,KG,13.99,9.72,€
11497,7459411,congelados,Gelado Salt Caramel e Brownie Vegan Sem Lactose,0.465,LT,6.79,14.60,€
11498,3727892,congelados,Pescada Inteira Nº 3 do Chile a Bordo Congelada,1.6,UN,7.99,12.78,€
11499,7486293,congelados,Ervilhas,0.3,KG,1.87,6.23,€
11500,7578232,congelados,Bacalhau do Chefe,0.3,KG,5.54,18.47,€
11514,7725508,congelados,Sorbet Framboesa,0.45,LT,3.99,8.87,€
11515,6881807,congelados,Ervilhas,1.0,KG,1.31,1.31,€
11516,7451573,congelados,Gyosas de Vegetais,0.4,KG,2.79,6.98,€
11517,7105624,congelados,Gelado Caramel Brownie Party,0.465,LT,6.79,14.60,€
11518,7558878,congelados,Posta de Salmão 2ª Pele Congelada,0.2,UN,12.99,2.60,€
11519,5606345,congelados,Hambúrguer de Bovino Alto,1.0,KG,9.99,9.99,€
11521,7390517,congelados,Gelado Baunilha e Chocolate,1.7,LT,3.99,2.35,€
11522,7411096,congelados,Gelado Caramel Brownie Vegan Sem Lactose,0.5,LT,3.29,6.58,€
11523,7451138,congelados,Posta de Red Fish Congelada,1.5,KG,6.99,4.66,€
11524,7730111,congelados,"Gelado Manga, Maracujá e Iogurte Les Desserts",0.85,LT,3.59,4.22,€
11525,7521870,congelados,Gelado Mini Mix Vegan,0.33,LT,6.65,20.15,€
11526,4283242,congelados,Peito de Pato Congelado,0.7,UN,14.99,10.49,€
11527,7594145,congelados,Mix Frutos Vermelho,0.3,KG,3.99,13.30,€
11528,6524846,congelados,Gelado Blueberry Cheesecake Les Dessertss,0.9,LT,3.59,3.99,€
11529,7515356,congelados,Mexilhão Meia Concha da Nova Zelândia Ultracongelado,0.25,KG,5.49,21.96,€
11530,7156600,congelados,Rissóis de Carne,0.42,KG,1.79,4.26,€
11531,6771158,congelados,Pizza Forno Di Pietra Fiambre e Cogumelos,0.34,KG,3.64,10.71,€
11532,7402178,congelados,Filete Paloco Congelado,0.8,KG,5.99,7.49,€
11533,7411521,congelados,Gelado Caramelo Salgado Vegan Sem Lactose,0.5,LT,3.29,6.58,€
11534,7630225,congelados,Medalhões de Pescada do Cabo Ultracongelada,1.1,KG,10.29,9.35,€
11535,6937640,congelados,Mini Pizzas Cremosa de Fiambre,0.27,KG,4.75,17.59,€
11536,7463789,congelados,Delícias de Salmão Fumado Congelado,0.125,KG,0.93,7.44,€
11537,7390518,congelados,Gelado Baunilha & Morango,1.7,LT,3.99,2.35,€
11551,4793891,congelados,Paloco do Pacífico MSC Desfiado Congelado,0.5,KG,5.29,10.58,€
11552,7756158,congelados,Tarte Gelada Caramelo Salgado,0.65,LT,1.99,3.06,€
11553,6703121,congelados,Mistura de Açaí e Banana,0.16,LT,2.99,18.69,€
11554,7182969,congelados,Salsichas de Porco Preto,0.4,UN,12.99,5.20,€
11555,7643282,congelados,Mistura de Frutas e Açaí com Sementes de Linhaça,0.45,KG,3.59,7.98,€
11556,7469019,congelados,Mariscada sem Glúten Congelada,0.8,KG,7.53,9.41,€
11557,7613827,congelados,Nuggets de Frango e Queijo,0.00108,KG,25.99,24.06,€
11558,6713159,congelados,Mini Rissóis de Carne Pré-Fritos,0.6,KG,6.19,10.32,€
11559,7577623,congelados,Cocktail de Marisco Congelado,0.4,KG,3.76,9.40,€
11560,7435287,congelados,Camarão Massa Filó,8.0,UN,3.99,0.50,€
11561,6364533,congelados,Lombos de Bacalhau Reserva MSC Gourmet Ultracongelados,1.0,KG,25.46,25.46,€
11562,5965614,congelados,Sorvete de Açaí e Guaraná,0.16,LT,2.99,18.69,€
11563,7627280,congelados,Panquecas de Banana e Espelta,0.24,KG,3.29,13.71,€
11564,6433290,congelados,Mistura de Frutas Tropicais,0.45,KG,3.59,7.98,€
11565,7483598,congelados,Mão de Borrego Congelada,1.5,UN,10.49,15.74,€
11566,7680482,congelados,Hambúrguer 100% Picanha Congelado,0.56,KG,10.36,18.50,€
11567,6787595,congelados,Gelado Doce de Leite,0.46,LT,5.59,12.15,€
11568,7443608,congelados,Caldeirada de Peixe Ultracongelado,0.85,KG,6.49,7.64,€
11569,7430992,congelados,Espadilha Congelado,0.8,KG,3.99,4.99,€
11570,5948660,congelados,Empadas de Soja,4.0,KG,4.59,17.65,€
11571,7558967,congelados,Gelado Vanilla Hazelnut & Caramel,0.42,LT,5.59,13.31,€
11572,7207959,congelados,Chili Sin Carne com Proteína Vegetal,0.4,KG,3.99,9.97,€
11573,7574671,congelados,Porções De Atum-Albacora MSC Marinado Ultracongelado,0.25,KG,5.99,23.96,€
11574,7374673,congelados,Petinga Inteira Ultracongelada,1.0,KG,4.7,4.70,€
11588,7363121,congelados,Almôndegas Powered By Plants,0.36,KG,6.19,17.19,€
11589,2213943,congelados,Perca do Nilo sem Cabeça Congelada,2.3,UN,9.99,22.98,€
11590,7335491,congelados,Gelado Double Gold Caramel Billionaire,0.44,LT,4.29,9.75,€
11591,7647691,congelados,Gambão Argentino Ultracongelado,0.3,KG,8.39,27.97,€
11592,6302513,congelados,Preparado para Mariscada Ultracongelado,0.5,KG,7.2,14.40,€
11593,5838910,congelados,Sardinha Inteira Nacional Congelada,1.0,KG,4.23,4.23,€
11594,6763228,congelados,Mini Pastéis de Bacalhau Pré-Fritos,0.5,KG,5.99,11.98,€
11595,7577522,congelados,Preparado para Arroz de Marisco Ultracongelado,0.8,KG,5.49,6.86,€
11596,5323151,congelados,Gelado Nata sem Lactose,0.5,LT,2.14,4.28,€
11597,6050798,congelados,Mão de Vitela sem Osso Congelada,2.2,UN,4.23,9.31,€
11598,6191182,congelados,Polpa de Maracujá,0.4,KG,4.49,11.23,€
11599,7211005,congelados,Plumas Porco Preto Congeladas,0.9,UN,12.25,11.03,€
11600,7465416,congelados,Pizza The Good Baker Bolognese,0.355,KG,5.89,16.14,€
11601,6771356,congelados,Pizza Forno Di Pietra Hawai,0.38,KG,3.64,9.58,€
11602,7646798,congelados,Mini Cheesecakes Chocolate,6.0,UN,3.99,0.67,€
11603,7719067,congelados,Hambúrguer de Bovino,0.57,KG,5.99,10.51,€
11604,7408508,congelados,Gelado Magnífico Chocolate de Leite com Amêndoa Pack Poupança,0.96,LT,3.59,3.74,€
11605,7621344,congelados,Tataki de Atum Braseado MSC Ultracongelado,0.3,KG,5.99,19.97,€
11606,7465339,congelados,Pizza La Mia Grande 4 Formaggi,0.4,KG,6.59,16.48,€
11607,6771121,congelados,Pizza Forno Di Pietra Diavola,0.34,KG,3.64,10.71,€
11608,7578233,congelados,Bacalhau à Brás,0.24,KG,5.54,23.08,€
11609,6771155,congelados,Pizza Forno Di Pietra de Atum,0.345,KG,3.64,10.55,€
11610,7725514,congelados,Gelado Chocolate com Suspiro,0.45,LT,3.99,8.87,€
11611,3909488,congelados,Dobrada de Bovino Congelada,1.3,UN,5.65,7.35,€
11625,4597014,congelados,Camarão de Moçambique 32/48 Ultracongelado,0.8,KG,23.99,29.99,€
11626,4429237,congelados,Gelado Bomboniera,0.14,LT,3.99,28.50,€
11627,5824502,congelados,Espetadas de Pato Congeladas,0.4,KG,7.79,19.48,€
11628,7337338,congelados,Camarão de Madagáscar Selvagem Ultracongelado,0.4,KG,5.49,13.73,€
11629,7418321,congelados,Gelado Chocolate e Avelã,0.211,KG,5.49,27.45,€
11630,5595752,congelados,Mini Pastéis de Bacalhau e Rissóis de Camarão Pré-Fritos,0.6,KG,6.99,11.65,€
11631,6713125,congelados,Mini Rissóis de Camarão Pré-Fritos,0.6,KG,6.19,10.32,€
11632,7287176,congelados,Lombos de Salmão sem Pele Biológico Congelado,0.25,UN,15.99,15.99,€
11633,4872518,congelados,Cocktail Marisco Ultracongelado,0.5,KG,4.7,9.40,€
11634,7539311,congelados,Gelado Cookie Dough Peaces,0.16,LT,6.79,42.44,€
11635,6787631,congelados,Gelado Mango & Raspberry,0.46,LT,6.99,15.20,€
11636,6874782,congelados,Lombos de Bacalhau 9 Meses de Cura MSC Ultracongelados,1.0,KG,24.98,24.98,€
11637,7646790,congelados,Fondant de Chocolate,2.0,UN,3.99,2.00,€
11638,4828009,congelados,Camarão Moçambique Médio 48/64 Ultracongelado,0.8,KG,22.99,28.74,€
11639,7399887,congelados,Lula da Patagónia Inteira Ultracongelada,0.85,KG,7.99,9.40,€
11640,7721681,congelados,Lasanha Proteína Vegetal,0.4,KG,4.99,12.47,€
11641,7735349,congelados,Preparado para Arroz de Tamboril e Camarão Congelado,0.6,KG,6.59,10.98,€
11642,7630222,congelados,Lombos de Pescada do Cabo Ultracongelada,1.0,KG,9.89,9.89,€
11643,7578229,congelados,Empadão de Bacalhau,0.28,KG,5.54,19.79,€
11644,7274486,congelados,Gelado Chocolate Collection Minicups,0.38,LT,7.45,19.61,€
11645,7724698,congelados,Gelado Dulce Delish Sundae,0.427,LT,7.49,17.54,€
11646,6845309,congelados,Choco Limpo Higienizado Congelado,1.3,UN,13.99,18.19,€
11647,6900967,congelados,Amêijoa Branca Nacional Congelada,0.4,UN,7.99,1.20,€
11648,7649252,congelados,Empada de Pato Familiar,0.8,KG,11.99,14.99,€
11663,7483600,congelados,Perna de Borrego Congelada,1.95,UN,10.99,21.43,€
11664,7463787,congelados,Tiras de Choco Panadas Congeladas,0.3,KG,7.99,26.63,€
11665,7724760,congelados,Gelado Double Starchaser,0.44,LT,4.49,10.20,€
11666,7521724,congelados,Gelado Cookie Vermont-Ster Sundae,0.427,LT,7.49,17.54,€
11667,7725520,congelados,Gelado Ovos Moles,0.45,KG,3.99,8.87,€
11668,7760256,congelados,Gelado Chocolate e Avelã Les Classiques,0.75,LT,3.29,4.39,€
11669,7724755,congelados,Gelado Mini Double Sunlover,0.33,LT,6.99,21.18,€
11670,7731652,congelados,Gelado Baunilha Vegan Les Desserts,0.9,LT,2.99,3.32,€
11671,6842593,congelados,Lombo de Porco Preto Congelado,0.85,UN,22.59,19.20,€
11672,7463785,congelados,Conquilha Congelada,0.25,KG,4.99,19.96,€
11673,4728046,congelados,Francesinha,0.4,KG,4.69,11.73,€
11674,6924270,congelados,Açaí,0.5,UN,6.59,6.59,€
11675,7521860,congelados,Gelado Hazelnut Chocolate Sundae,0.427,LT,7.49,17.54,€
11676,6771368,congelados,Pizza Forno Di Pietra Carbonara,0.3,KG,3.64,10.71,€
11677,7410955,congelados,Miolo de Gamba Panada de Moçambique Selvagem Ultracongelada,0.3,KG,8.99,29.97,€
11678,7374475,congelados,Posta de Espadarte Ultracongelada,0.4,UN,15.99,6.40,€
11679,7303602,congelados,Lombos de Bacalhau MSC Curados com Flor de Sal Congelados,0.8,KG,21.68,27.10,€
11680,7141073,congelados,Gelado Romântica,0.75,LT,4.79,6.39,€
11681,7526945,congelados,Amêijoa Macha Nacional,0.4,KG,7.99,19.98,€
11682,7109616,congelados,Gelado Cookie Dough,0.465,LT,6.79,14.60,€
11683,5059441,congelados,Bife de Javali Ultracongelado,0.25,KG,5.79,23.16,€
11684,5005223,congelados,Lasanha de Vegetais,0.34,KG,6.39,18.79,€
11685,7736919,congelados,Gelado Caramelo Salgado e Baunilha Triple Luxe,0.65,LT,5.99,9.22,€
11699,3881459,congelados,Polvo Limpo Ultracongelado,0.8,KG,21.09,26.36,€
11700,7501246,congelados,Pernas de Caranguejo Real Cozido Congelado,0.5,KG,69.99,139.98,€
11701,7594146,congelados,Preparado Picado Vegan,0.5,KG,7.99,15.98,€
11702,7736743,congelados,Gelado Mochi Caramelo,6.0,KG,3.29,15.67,€
11703,7735879,congelados,Filete de Salmão Congelado,0.36,KG,8.99,24.97,€
11704,7572768,congelados,Gambão Argentino Gigante 14/22 Congelado,0.8,KG,20.99,26.24,€
11705,6780302,congelados,Camarão Selvagem de Madagáscar 40/60 Congelado,0.4,UN,19.99,0.40,€
11706,7488482,congelados,Camarão Tigre de Moçambique 8/14 Ultracongelado,0.5,KG,19.99,39.98,€
11707,6885814,congelados,Lombo de Bovino América do Sul Congelado,1.75,UN,28.29,49.51,€
11708,7747582,congelados,Gelado Chocolate e Avelã Triple Luxe,0.65,LT,3.59,5.52,€
11709,7005360,congelados,Camarão Selvagem de Moçambique 10/20 Ultracongelado,0.4,KG,15.99,39.98,€
11710,7731630,congelados,Gelado Celebration Les Desserts,0.85,LT,5.99,7.05,€
11711,6881819,congelados,Bolo de Bolacha,0.8,KG,9.99,12.49,€
11712,7311289,congelados,Tentáculos de Polvo Congelados,1.3,UN,18.99,24.69,€
11713,7497998,congelados,Sapateira Cozida Congelada,0.4,KG,7.99,19.98,€
11714,6881817,congelados,Bolo Brigadeiro,0.8,KG,9.99,12.49,€
11715,7291127,congelados,Lombos de Bacalhau MSC Demolhado Ultracongelados,1.2,KG,28.29,23.58,€
11716,5734326,congelados,Lombos de Bacalhau 9 Meses de Cura MSC Ultracongelados,0.55,KG,14.42,26.22,€
11717,7122997,congelados,Bolo Floresta Negra,0.7,KG,10.99,15.70,€
11718,7505546,congelados,Sapateira Cozida Ultracongelada,0.6,KG,12.79,21.32,€
11720,7481109,congelados,Camarão Vannamei Gigante 8/16 Ultracongelado,0.8,KG,26.99,33.74,€
11721,6028285,congelados,Sapateira Cozida Ultracongelada,0.9,UN,14.99,13.49,€
11722,6743253,congelados,Bolo de Aniversário Quadrado de Doce de Ovos,0.75,KG,10.99,14.65,€
11723,5001650,refeicoes-faceis,Francesinha,0.5,KG,5.49,10.98,€
11724,7703625,refeicoes-faceis,Guacamole,0.2,KG,1.95,9.75,€
11725,6936891,refeicoes-faceis,Croquete 100% Carne de Bovino,2.0,KG,0.79,13.17,€
11726,7187569,refeicoes-faceis,Salada Caesar,0.21,KG,2.69,12.81,€
11727,5060950,refeicoes-faceis,Ravioli Fresco de Queijo de Cabra e Cebola Caramelizada,0.25,KG,3.99,15.96,€
11728,7714685,refeicoes-faceis,Rosca Serrana,0.42,KG,3.19,7.60,€
11729,6849061,refeicoes-faceis,Patanisca de Bacalhau,2.0,KG,1.35,16.88,€
11730,7011815,refeicoes-faceis,Almôndegas Proteína Vegetal,0.2,KG,4.49,22.45,€
11731,7714799,refeicoes-faceis,Lummus de Beterraba,0.2,KG,2.99,14.95,€
11732,7227590,refeicoes-faceis,Kit Tagliatelle de Carbonara,0.408,KG,4.99,13.49,€
11733,5010028,refeicoes-faceis,Sopa de Frango com Hortelã,0.4,KG,2.49,6.23,€
11734,7198209,refeicoes-faceis,Flautas de Frango e dois Queijos,0.22,KG,2.69,12.23,€
11735,7156651,refeicoes-faceis,Húmus Clássico,0.18,KG,1.55,8.61,€
11736,2957810,refeicoes-faceis,"Pizza Fresca de Carne, Mozzarella, Pimento e Barbecue",0.41,KG,3.99,9.73,€
11737,7599244,refeicoes-faceis,Hambúrguer de Queijo,0.22,KG,3.19,14.50,€
11738,7479284,refeicoes-faceis,Frango sem Osso Assado com molho de Limão,0.24,UN,3.99,3.99,€
11739,7553749,refeicoes-faceis,Leitão Assado em Forno de Lenha,0.55,KG,8.99,16.35,€
11740,5105820,refeicoes-faceis,Empada de Pato,2.0,KG,0.99,12.38,€
11741,6595792,refeicoes-faceis,Pizza Fresca de 4 Queijos,0.4,KG,2.79,6.98,€
11742,6996160,refeicoes-faceis,Desfiado pato com Calda,0.6,KG,9.99,16.65,€
11743,7045091,refeicoes-faceis,Fusilli com Frango e Bacon,0.25,UN,10.99,2.75,€
11744,6860133,refeicoes-faceis,Linguini de Camarão e Pesto de Manjericão,0.3,KG,4.79,15.97,€
11745,7155952,refeicoes-faceis,Lasanha de Bolonhesa,0.35,KG,2.79,7.97,€
11746,4349742,refeicoes-faceis,Salada Aromática,0.15,KG,1.59,10.60,€
11747,7055967,refeicoes-faceis,Pão de Queijo,0.3,KG,2.69,8.97,€
11748,7519437,refeicoes-faceis,Batata Frita Gourmet Original,0.17,KG,2.69,15.82,€
11749,7106089,refeicoes-faceis,Batata Frita Gourmet Lisa Corte Fino,0.15,KG,2.69,17.93,€
11750,3606266,refeicoes-faceis,Salada Ibéria,0.15,KG,1.39,9.27,€
11751,6245680,refeicoes-faceis,Hambúrguer de Bovino com Picanha,0.48,KG,5.59,11.65,€
11752,4386982,refeicoes-faceis,Batata Frita Lisa Azeite,0.15,KG,1.19,7.93,€
11753,2005830,refeicoes-faceis,Batata Frita Ondulada,0.2,KG,1.29,6.45,€
11754,4513221,refeicoes-faceis,Salada Camponesa,0.25,KG,1.39,5.56,€
11755,6716090,refeicoes-faceis,Pizza Fresca de Fiambre e Queijo,0.41,KG,2.49,6.07,€
11756,7325792,refeicoes-faceis,Hambúrguer 100% Carne de Bovino Angus Chakall Congelado,0.64,KG,6.87,10.73,€
11757,7082480,refeicoes-faceis,Hambúrguer 100% Carne de Novilho Angus,0.3,KG,3.48,11.60,€
11758,4896095,refeicoes-faceis,Batata Frita Forno Ondulada Original,0.15,KG,2.69,17.93,€
11759,7143239,refeicoes-faceis,Hambúrgueres sem Glúten,1.44,KG,13.99,9.72,€
11760,6817300,refeicoes-faceis,Lasanha Bolonhesa,1.0,KG,4.49,4.49,€
11761,7143280,refeicoes-faceis,Hambúrguer de Frango sem Glúten,1.08,KG,13.99,12.95,€
11762,5701319,refeicoes-faceis,Baguete Pão de Alho,0.35,KG,1.59,4.54,€
11763,4272742,refeicoes-faceis,Batata Frita Lisa Light Original,0.14,KG,2.15,15.36,€
11764,3052221,refeicoes-faceis,Mini Pizzas de Fiambre e Queijo,0.27,KG,4.75,17.59,€
11765,7654284,refeicoes-faceis,Batata Frita com Sal,0.265,KG,2.99,11.28,€
11766,3607146,refeicoes-faceis,Salada Iceberg,0.2,KG,0.65,3.25,€
11767,3709652,refeicoes-faceis,Salada Gourmet,0.175,KG,1.09,6.23,€
11768,6716050,refeicoes-faceis,Pizza Fresca Romana,0.415,KG,2.49,6.00,€
11769,6152474,refeicoes-faceis,Hambúrguer de Bovino,0.48,KG,5.29,11.02,€
11770,3658082,refeicoes-faceis,Hambúrguer de Bovino,1.0,KG,8.99,8.99,€
11771,7222253,refeicoes-faceis,Hambúrguer de Frango,0.42,KG,3.69,8.79,€
11772,6573473,refeicoes-faceis,Pizza Fresca de Fiambre e Dupla Mozzarella,0.44,KG,2.79,6.34,€
11773,5148306,refeicoes-faceis,Crepes com Chocolate Belga,0.54,KG,3.99,7.39,€
11774,5247341,refeicoes-faceis,Noodles de Frango,0.07,KG,0.5,7.14,€
11775,4555303,refeicoes-faceis,Pudim Flan Baunilha,0.6,KG,1.19,1.98,€
11776,5595726,refeicoes-faceis,Mini Rissóis e Croquetes de Carne Pré-Fritos,0.6,KG,6.99,11.65,€
11777,6623702,refeicoes-faceis,Pizza Fresca de Pepperoni,0.38,KG,2.79,7.34,€
11778,6718364,refeicoes-faceis,Wrap Integral,0.32,KG,1.62,5.06,€
11779,7727739,refeicoes-faceis,Arroz de Pato à Antiga,0.25,UN,11.99,3.00,€
11780,7356352,refeicoes-faceis,Pizza Pepperoni e Salame,0.32,KG,2.19,6.84,€
11781,7379477,refeicoes-faceis,Batata Frita Ondulada Sal,0.16,KG,1.99,12.44,€
11782,7379467,refeicoes-faceis,Batata Frita Lisa Original,0.16,KG,1.19,7.44,€
11783,7714803,refeicoes-faceis,Lummus de Tomate Seco,0.2,KG,2.99,14.95,€
11784,7207956,refeicoes-faceis,Falafel,0.45,KG,4.99,11.09,€
11785,5119470,refeicoes-faceis,Sopa de Agrião,0.8,KG,1.99,2.49,€
11786,7413101,refeicoes-faceis,Batata Frita Lisa Gourmet,0.17,KG,1.49,8.76,€
11787,7520259,refeicoes-faceis,Waffles,8.0,UN,2.99,0.37,€
11788,7334029,refeicoes-faceis,Pizza de Fiambre e Queijo,0.33,KG,2.19,6.64,€
11789,7415390,refeicoes-faceis,Mini Hambúrguer de Bovino Kids,0.4,KG,4.39,10.97,€
11790,6517771,refeicoes-faceis,Tagliatelle Fresca com Ovo,0.25,KG,0.89,3.56,€
11791,7334024,refeicoes-faceis,Pizza Hawai,0.355,KG,2.19,6.17,€
11792,5060932,refeicoes-faceis,Tortellini Fresco de Ricotta e Espinafres,0.25,KG,3.79,15.16,€
11793,7341857,refeicoes-faceis,Gnocchi com Molho de Tomate e Espinafres,0.5,KG,3.69,7.38,€
11794,5135637,refeicoes-faceis,Crepes Simples,1.0,KG,4.29,4.29,€
11795,5119461,refeicoes-faceis,Sopa de Legumes,0.8,KG,1.99,2.49,€
11796,7714801,refeicoes-faceis,Lummus de Manjericão,0.2,KG,2.99,14.95,€
11797,6955558,refeicoes-faceis,Empadão de Carne,0.25,UN,9.99,2.50,€
11798,7252666,refeicoes-faceis,Pizza Romana,0.35,KG,2.19,6.26,€
11799,5877535,refeicoes-faceis,Bacalhau com Espinafres e Crosta de Broa,0.28,UN,11.39,2.85,€
11800,3578473,refeicoes-faceis,Salada Lollo e Tango,0.15,KG,1.4,9.33,€
11801,7720407,refeicoes-faceis,Salada Minute Suprema,0.2,KG,3.29,16.45,€
11802,4943105,refeicoes-faceis,Feijoada de Camarão,0.25,UN,10.99,2.75,€
11803,5593788,refeicoes-faceis,Hambúrgueres sem Glúten,0.64,KG,6.99,10.92,€
11804,7103468,refeicoes-faceis,Seitan Biológico,0.35,KG,2.89,8.26,€
11805,7706649,refeicoes-faceis,Bacalhau com Natas,0.25,UN,12.79,3.20,€
11806,2700058,refeicoes-faceis,Arroz Basmati Brajma Pronto a Comer sem Glúten,2.0,KG,1.55,6.20,€
11807,6148711,refeicoes-faceis,Hambúrguer de Porco,0.48,KG,3.19,6.65,€
11808,6927351,refeicoes-faceis,Empadas de Galinha,0.333,KG,3.49,10.58,€
11809,7187991,refeicoes-faceis,Sopa de Feijão Verde,0.8,KG,1.99,2.40,€
11810,7649252,refeicoes-faceis,Empada de Pato Familiar,0.8,KG,11.99,14.99,€
11811,2604853,refeicoes-faceis,Massa Instantânea Chinesa de Galinha,0.085,KG,0.83,9.76,€
11812,7706617,refeicoes-faceis,Lombo de Porco com Molho,0.25,UN,17.29,4.32,€
11813,5969840,refeicoes-faceis,Carne de Porco à Portuguesa,0.25,UN,11.39,11.39,€
11814,6623707,refeicoes-faceis,Pizza Fresca de Carbonara,0.41,KG,2.79,6.80,€
11815,7414651,refeicoes-faceis,Lasanha Bolonhesa,0.4,KG,2.49,6.23,€
11816,4629550,refeicoes-faceis,Almôndegas com Molho de Tomate,0.25,UN,10.99,2.75,€
11817,5696986,refeicoes-faceis,Hambúrguer de Frango sem Glúten,0.48,KG,6.59,13.73,€
11818,5119481,refeicoes-faceis,Creme de Cenoura,0.8,KG,2.49,3.11,€
11819,3002399,refeicoes-faceis,Pizza Ristorante de Pepperoni e Salame,0.337,KG,3.79,11.84,€
11820,4403932,refeicoes-faceis,Almôndegas com Molho Bolonhesa,0.4,KG,5.99,14.98,€
11822,7533115,refeicoes-faceis,Pizza Marguerita Pack Poupança,0.9,KG,3.49,3.88,€
11823,6588552,refeicoes-faceis,Veggie Bowls de Quinoa e Abóbora,0.35,KG,2.99,8.54,€
11824,5606345,refeicoes-faceis,Hambúrguer de Bovino Alto,1.0,KG,9.99,9.99,€
11825,5060866,refeicoes-faceis,Ravioli Fresco de Atum e Tomate,0.25,KG,3.49,13.96,€
11826,6713118,refeicoes-faceis,Mini Croquetes Carne para Forno,0.6,KG,6.19,10.32,€
11827,6713125,refeicoes-faceis,Mini Rissóis de Camarão Pré-Fritos,0.6,KG,6.19,10.32,€
11828,6517886,refeicoes-faceis,Tortelloni Fresco com Ricotta e Espinafres,0.25,KG,1.79,7.16,€
11829,6881940,refeicoes-faceis,Pizza Familiar de Fiambre e Queijo,0.58,KG,3.49,6.02,€
11830,5807355,refeicoes-faceis,Caril de Frango com Arroz Basmati,0.35,KG,3.19,9.11,€
11831,7614088,refeicoes-faceis,Mini Pizzas Queijo e Fiambre,0.36,KG,3.29,9.14,€
11832,7740999,refeicoes-faceis,Arroz de Pato,0.7,KG,7.29,10.41,€
11833,7334025,refeicoes-faceis,Pizza Mozzarella,0.335,KG,2.19,6.17,€
11834,5605509,refeicoes-faceis,Noodles de Galinha Banzai,0.067,KG,1.19,17.76,€
11835,7735875,refeicoes-faceis,Cozido à Portuguesa,1.4,KG,12.99,9.25,€
11836,7706625,refeicoes-faceis,Bacalhau Espiritual,0.25,UN,11.99,3.00,€
11837,7520332,refeicoes-faceis,Pizza Carbonara,0.34,KG,2.19,6.44,€
11838,5010044,refeicoes-faceis,Base de Pato Desfiado,0.4,KG,3.99,9.98,€
11839,7146855,refeicoes-faceis,Lasanha Bolonhesa (-30%),1.0,KG,4.49,4.49,€
11840,7680482,refeicoes-faceis,Hambúrguer 100% Picanha Congelado,0.56,KG,10.36,18.50,€
11841,6208470,refeicoes-faceis,Lasanha Bolonhesa,1.0,KG,3.79,3.79,€
11842,7252642,refeicoes-faceis,Pizza de Atum,0.35,KG,2.19,6.26,€
11843,5039334,refeicoes-faceis,Frango Assado com molho de Limão,0.85,UN,7.49,6.37,€
11844,7346534,refeicoes-faceis,Salada Italiana,0.312,KG,3.49,11.19,€
11845,5469856,refeicoes-faceis,Sopa de Grão com Espinafres,0.4,KG,1.39,3.48,€
11846,7577212,refeicoes-faceis,Pizza Mozzarella,0.355,KG,5.09,14.34,€
11847,7207958,refeicoes-faceis,Mini Hambúrgueres de Beterraba,0.27,KG,3.99,14.78,€
11848,4388726,refeicoes-faceis,Sopa de Feijão e Legumes,0.4,KG,1.39,3.48,€
11849,7577143,refeicoes-faceis,Mini Salsichas Kids,0.5,KG,3.59,7.18,€
11850,5791193,refeicoes-faceis,Espetada de Frango Assada,0.28,UN,12.59,1.76,€
11851,7379481,refeicoes-faceis,Batata Frita Lisa Mediterrâneas,0.15,KG,1.29,8.60,€
11852,6063139,refeicoes-faceis,Ravioli Fresco de Frango Assado com Alecrim,0.25,KG,3.49,13.96,€
11853,7712490,refeicoes-faceis,Massa Penne com Atum,0.25,UN,11.99,3.00,€
11854,7063681,refeicoes-faceis,Esparguete à Bolonhesa,0.35,KG,3.19,9.11,€
11855,7156652,refeicoes-faceis,Húmus Beterraba,0.18,KG,1.55,8.61,€
11856,5519021,refeicoes-faceis,Mini Pizzas de Salsicha,0.27,KG,4.75,17.59,€
11857,7414788,refeicoes-faceis,Creme de Legumes,0.8,KG,2.49,3.11,€
11858,5039363,refeicoes-faceis,Frango Assado sem Molho,0.85,UN,7.49,6.37,€
11859,6588553,refeicoes-faceis,Veggie Bowls Trigo Sarraceno e Brócolos,0.35,KG,2.99,8.54,€
11860,5699336,refeicoes-faceis,Hambúrguer de Bovino Mertolengo DOP,0.46,KG,7.99,17.37,€
11861,7442169,refeicoes-faceis,Crispy Hambúrgueres de Proteína Vegetal,0.2,KG,3.99,19.95,€
11862,7198182,refeicoes-faceis,Strogonoff de Peru com Cogumelos e Arroz - 30% gordura,0.35,KG,3.19,9.11,€
11863,7252603,refeicoes-faceis,Pizza de Espinafres e Queijo,0.37,KG,2.19,5.92,€
11864,5201596,refeicoes-faceis,Bacalhau à Brás,0.3,KG,2.49,8.30,€
11865,6713159,refeicoes-faceis,Mini Rissóis de Carne Pré-Fritos,0.6,KG,6.19,10.32,€
11866,7090521,refeicoes-faceis,Veggie Bowls de Couscous e Edamame,0.35,KG,2.99,8.54,€
11867,7712489,refeicoes-faceis,Massa Penne com Queijo,0.25,UN,11.99,3.00,€
11868,7521286,refeicoes-faceis,Vuna de Proteína Vegetal,0.175,KG,5.89,33.66,€
11869,4992360,refeicoes-faceis,Creme de Curgete com Espinafres sem Batata,0.4,KG,1.29,3.23,€
11870,3002456,refeicoes-faceis,Pizza Ristorante de Quatro Queijos,0.361,KG,5.09,15.91,€
11871,5888634,refeicoes-faceis,Carne Porco à Portuguesa,0.35,KG,3.19,9.11,€
11872,5962595,refeicoes-faceis,Pizza Ristorante de Mozzarella sem Glúten,0.37,KG,5.55,15.00,€
11873,5595752,refeicoes-faceis,Mini Pastéis de Bacalhau e Rissóis de Camarão Pré-Fritos,0.6,KG,6.99,11.65,€
11874,7708496,refeicoes-faceis,Esparguete à Bolonhesa,0.25,UN,10.99,2.75,€
11875,5469104,refeicoes-faceis,Pizza de Fiambre e Queijo,0.9,KG,5.19,5.77,€
11876,5508371,refeicoes-faceis,Veggie Hambúrgueres,0.25,KG,2.99,11.96,€
11877,5861801,refeicoes-faceis,Lombo de Porco Assado,0.4,KG,4.99,12.48,€
11878,7011817,refeicoes-faceis,Tiras Braseadas Proteína Vegetal,0.175,KG,4.49,25.66,€
11879,7478876,refeicoes-faceis,Pernil de Porco Slow Cooked,1.0,UN,6.99,6.99,€
11880,7740959,refeicoes-faceis,Bacalhau à Gomes de Sá,0.3,KG,3.19,10.63,€
11881,7156659,refeicoes-faceis,Húmus Oriental,0.18,KG,1.55,8.61,€
11882,7187653,refeicoes-faceis,Salada de Frango com Massa e Rúcula,0.32,KG,2.69,8.41,€
11883,3002428,refeicoes-faceis,Pizza Ristorante Hawai,0.375,KG,5.09,14.34,€
11884,7718441,refeicoes-faceis,Almôndegas de Cenoura,0.42,KG,9.99,23.79,€
11885,7678537,refeicoes-faceis,Hambúrguer 100% Frango do Campo Congelado,0.4,KG,6.59,16.48,€
11886,6786321,refeicoes-faceis,Pão de Queijo,0.3,KG,2.99,9.97,€
11887,7718446,refeicoes-faceis,Almôndegas de Brócolos,0.42,KG,9.99,23.79,€
11888,7647840,refeicoes-faceis,Estufado de Grão com Tofu,0.25,UN,10.99,2.75,€
11889,7414787,refeicoes-faceis,Creme de Legumes,0.8,KG,1.99,2.49,€
11890,4857975,refeicoes-faceis,Bacalhau à Brás,0.3,KG,6.69,22.30,€
11891,7363123,refeicoes-faceis,Hambúrguer Powered By Plants,0.16,KG,2.99,18.69,€
11892,5060891,refeicoes-faceis,Tortellini Fresco com Fiambre e Queijo,0.25,KG,3.49,13.96,€
11893,5791116,refeicoes-faceis,Chilli com Carne e Arroz Branco,0.35,KG,2.99,8.54,€
11894,7718438,refeicoes-faceis,Almôndegas de Cogumelos,0.42,KG,9.99,23.79,€
11895,5039332,refeicoes-faceis,Frango Assado com molho Piri Piri,0.85,UN,7.49,6.37,€
11896,4999531,refeicoes-faceis,Hambúrguer de Aves com Queijo Gouda,0.25,KG,2.29,9.16,€
11897,5518930,refeicoes-faceis,Lasanha Bolonhesa,0.3,KG,3.49,11.63,€
11898,6577347,refeicoes-faceis,Petit Gâteau de Chocolate Negro,0.32,KG,3.29,10.28,€
11899,4388719,refeicoes-faceis,Sopa Caldo Verde,0.4,KG,1.39,3.48,€
11900,7210359,refeicoes-faceis,Salada Russa,0.25,UN,5.99,1.50,€
11901,7520873,refeicoes-faceis,Hambúrguer Vegan Sabor a Carne,0.218,KG,3.99,18.30,€
11902,5216460,refeicoes-faceis,Perna de Frango Assada,0.23,UN,7.99,7.99,€
11903,3052233,refeicoes-faceis,Mini Pizzas de Três Queijos,0.27,KG,4.75,17.59,€
11904,6874097,refeicoes-faceis,Lasanha Vegetariana,0.3,KG,2.39,7.97,€
11905,5593796,refeicoes-faceis,Hambúrgueres de Vaca sem Glúten,0.32,KG,3.76,11.75,€
11906,5605508,refeicoes-faceis,Noodles de Carne Banzai,0.067,KG,1.19,17.76,€
11907,4388730,refeicoes-faceis,Sopa de Legumes,0.4,KG,1.29,3.23,€
11908,5311121,refeicoes-faceis,Tortellini Fresco de Bolonhesa,0.25,KG,2.59,10.36,€
11909,7446837,refeicoes-faceis,Pão de Queijo,6.0,KG,0.15,6.82,€
11910,7677231,refeicoes-faceis,Batata Assada com Bacon,0.25,UN,8.99,2.25,€
11911,7431649,refeicoes-faceis,Tortilha de Batata com Cebola,0.5,KG,2.29,4.58,€
11912,6518333,refeicoes-faceis,Tortellini Fresco com Presunto,0.25,KG,1.79,7.16,€
11913,7454790,refeicoes-faceis,Fishburger de Pescada Ultracongelado,0.3,KG,2.44,8.13,€
11914,6583845,refeicoes-faceis,Pizza Capricciosa,0.4,KG,3.69,9.23,€
11915,7718435,refeicoes-faceis,Almôndegas de Beterraba,0.42,KG,9.99,23.79,€
11916,5213778,refeicoes-faceis,Açorda de Camarão,0.3,KG,3.19,10.63,€
11917,2163633,refeicoes-faceis,Queijo Fresco Com Alho E Ervas Finas,0.15,KG,2.53,16.87 ,€
11918,5548894,refeicoes-faceis,Mini Pizzas de Tomate e Mozzarella,0.27,KG,4.75,17.59,€
11919,7186509,refeicoes-faceis,Salada de Atum,0.257,KG,2.69,10.47,€
11920,7577214,refeicoes-faceis,Pizza Prosciutto,0.34,KG,5.09,14.97,€
11921,7341853,refeicoes-faceis,Falafel com Cuscus e Legumes,0.5,KG,3.69,7.38,€
11922,5468982,refeicoes-faceis,Pizza Marguerita,0.3,KG,1.49,4.97,€
11923,6716058,refeicoes-faceis,Pizza Fresca de Atum e Bacon,0.4,KG,2.79,6.98,€
11924,6772594,refeicoes-faceis,Pizza Forno Di Pietra de Fiambre e Queijo,0.35,KG,3.64,10.40,€
11925,7414659,refeicoes-faceis,Lasanha de Frango,0.4,KG,2.49,6.23,€
11926,5060909,refeicoes-faceis,Tortellini Fresco de 4 Queijos,0.25,KG,2.59,10.36,€
11927,7207957,refeicoes-faceis,Miniburgers de Batata Doce,0.27,KG,3.99,14.78,€
11928,7186499,refeicoes-faceis,Salada de Bacon com Frutos Secos,0.192,KG,2.69,14.01,€
11929,7100815,refeicoes-faceis,Tagliatelle à Carbonara,0.3,KG,3.19,10.63,€
11930,5247322,refeicoes-faceis,Noodles de Camarão,0.07,KG,0.5,7.14,€
11931,7677667,refeicoes-faceis,Salada de Atum com Feijão Frade,0.25,UN,8.99,2.25,€
11932,6768892,refeicoes-faceis,Frango Teriyaki com Arroz Basmati,0.35,KG,3.29,9.40,€
11933,7222255,refeicoes-faceis,Hambúrguer de Peru,0.42,KG,3.99,9.50,€
11934,7115735,refeicoes-faceis,Empadão de Carne Gratinado,0.35,KG,2.99,8.54,€
11935,5885218,refeicoes-faceis,Tofu Basílico Biológico,0.2,KG,3.95,19.75,€
11936,5069918,refeicoes-faceis,Pizza Ristorante de Salame,0.332,KG,5.09,15.91,€
11937,4388731,refeicoes-faceis,Sopa de Agrião,0.4,KG,1.29,3.23,€
11938,3002475,refeicoes-faceis,Pizza Ristorante de Atum,0.355,KG,5.09,14.34,€
11939,7279387,refeicoes-faceis,"Girasoli Fresco com Pesto, Ricotta, Pecorino e Pinhões",0.25,KG,2.49,9.96,€
11940,7279388,refeicoes-faceis,Girasoli Fresco com Cogumelos e Queijo Mascarpone,0.25,KG,2.49,9.96,€
11941,7133103,refeicoes-faceis,Cannellonis à Bolonhesa,1.0,KG,5.49,5.49,€
11942,6588554,refeicoes-faceis,Veggie Bowls de Bulgur e Courgette,0.35,KG,2.99,8.54,€
11943,4388590,refeicoes-faceis,Creme de Cenoura,0.4,KG,1.29,3.23,€
11944,7534014,refeicoes-faceis,Salsichas de Proteína Vegetal,0.2,KG,2.49,12.45,€
11945,5229649,refeicoes-faceis,Bacalhau Espiritual,0.8,KG,6.99,8.74,€
11946,4388643,refeicoes-faceis,Sopa de Feijão Verde,0.4,KG,1.39,3.48,€
11947,5696985,refeicoes-faceis,Hambúrguer de Frango sem Glúten,0.24,KG,3.76,15.67,€
11948,5241123,refeicoes-faceis,Bacalhau com Natas,0.35,KG,2.49,7.11,€
11949,6763228,refeicoes-faceis,Mini Pastéis de Bacalhau Pré-Fritos,0.5,KG,5.99,11.98,€
11950,6718372,refeicoes-faceis,Wrap de Trigo,0.32,KG,1.64,5.12,€
11951,7027158,refeicoes-faceis,Noodles de Carne,0.07,KG,0.5,7.14,€
11952,6583890,refeicoes-faceis,Pizza Salamino,0.375,KG,3.69,9.84,€
11953,6518010,refeicoes-faceis,Ravioli Frescos com Carne,0.25,KG,1.99,7.96,€
11954,6903501,refeicoes-faceis,Bacalhau com Espinafres,0.3,KG,3.19,10.63,€
11955,5885211,refeicoes-faceis,Tofu Fumado Biológico,0.2,KG,3.39,16.95,€
11956,6882353,refeicoes-faceis,Frango do Campo Assado,1.25,UN,8.99,11.24,€
11957,5316710,refeicoes-faceis,Ravioli Fresco de Trufas Brancas,0.25,KG,3.99,15.96,€
11958,2604857,refeicoes-faceis,Massa Instantânea Chinesa de Legumes,0.085,KG,0.83,9.76,€
11959,7541591,refeicoes-faceis,Pizza Hawai,0.415,KG,5.89,14.19,€
11960,5885209,refeicoes-faceis,Tofu Rosso Biológico,0.2,KG,3.95,19.75,€
11961,2839504,refeicoes-faceis,Sobremesa Soja e Baunilha,0.5,KG,2.99,5.98,€
11962,5284220,refeicoes-faceis,Arroz de Cenoura Pronto a Comer sem Glúten,2.0,KG,1.45,5.80,€
11963,5036216,refeicoes-faceis,Tempeh Refrigerado Biológico,0.25,KG,3.99,15.96,€
11964,7091792,refeicoes-faceis,Strogonoff de Peru com Cogumelos,0.35,KG,3.19,9.11,€
11965,6771145,refeicoes-faceis,Pizza Forno Di Pietra Caprese,0.35,KG,3.64,10.40,€
11966,7414789,refeicoes-faceis,Sopa de Nabiças,0.8,KG,2.49,3.11,€
11967,7011629,refeicoes-faceis,Nuggets Proteína Vegetal,0.2,KG,4.49,22.45,€
11968,7055302,refeicoes-faceis,"Fusilli com Legumes, Molho de Tomate e Frango",0.32,KG,3.99,12.47,€
11969,7292595,refeicoes-faceis,Pizza Massa Fina Gran Pepperoni,0.524,KG,7.89,15.06,€
11970,4470616,refeicoes-faceis,Pizza Ristorante Bolonhesa,0.395,KG,5.09,13.57,€
11971,4828651,refeicoes-faceis,Paella à Valenciana,0.25,KG,3.29,13.16,€
11972,7706505,refeicoes-faceis,Pizza Fresca de Presunto Serrano,0.4,KG,2.79,6.98,€
11973,7142628,refeicoes-faceis,Menu Frango Assado + Arroz de Cenoura,1.0,UN,6.29,6.29,€
11974,7414695,refeicoes-faceis,Lasanha de Atum,0.4,KG,2.49,6.23,€
11975,5779979,refeicoes-faceis,Mini Pizzas de Salame,0.27,KG,4.75,17.59,€
11976,6823975,refeicoes-faceis,Cannellonis Ricotta e Espinafres,0.3,KG,1.69,5.63,€
11977,2604840,refeicoes-faceis,Massa Instantânea Chinesa de Camarão,0.085,KG,0.83,9.76,€
11978,7267878,refeicoes-faceis,Bacalhau com Natas Pack Poupança,0.6,KG,3.69,6.15,€
11979,6623708,refeicoes-faceis,Pizza Fresca de Barbecue,0.4,KG,2.79,6.98,€
11980,4999496,refeicoes-faceis,Hambúrguer de Porco com Queijo Gouda,0.25,KG,2.29,9.16,€
11981,6576933,refeicoes-faceis,Petit Gâteau de Caramelo Salgado,0.32,KG,3.29,10.28,€
11982,7052742,refeicoes-faceis,Pizza Rústica Royale,0.575,KG,5.19,9.03,€
11983,7554204,refeicoes-faceis,Pizza Vegetariana,0.4,KG,2.79,6.98,€
11984,7071996,refeicoes-faceis,Gratinado de Bacalhau com Batata Doce,0.3,KG,4.69,15.63,€
11985,5962602,refeicoes-faceis,Pizza Ristorante de Salame sem Glúten,0.315,KG,5.55,17.62,€
11986,4965285,refeicoes-faceis,Salada Selvagem,0.15,KG,1.99,13.27,€
11987,7463258,refeicoes-faceis,Pizza Vegana,0.455,UN,3.35,3.35,€
11988,6306227,refeicoes-faceis,Baguete de Tomate com Manjericão,0.35,KG,1.49,4.26,€
11989,4613405,refeicoes-faceis,Arroz Agulha Pronto a Comer sem Glúten,2.0,KG,1.45,5.80,€
11990,2604844,refeicoes-faceis,Massa Instantânea Chinesa de Cogumelos,0.085,KG,0.83,9.76,€
11991,7052750,refeicoes-faceis,Pizza Rústica Double Pepperoni Chedar e Mozzarella,0.565,KG,5.19,9.19,€
11992,6156780,refeicoes-faceis,Pasta Carbonara Pot,0.062,KG,2.3,37.10,€
11993,7279386,refeicoes-faceis,Girasoli Fresco com Cabra e Mel,0.25,KG,2.49,9.96,€
11994,7400532,refeicoes-faceis,Pizza Marguerita,0.365,KG,5.59,15.32,€
11995,5424943,refeicoes-faceis,Pizza Ristorante Carbonara,0.34,KG,5.09,14.97,€
11996,5344100,refeicoes-faceis,Tofu Fumado,0.2,KG,2.99,14.95,€
11997,7207961,refeicoes-faceis,Hambúrguer de Proteína Vegetal,0.2,KG,3.99,19.95,€
11998,6244397,refeicoes-faceis,Seitan,0.25,KG,2.65,10.60,€
11999,7005225,refeicoes-faceis,Bulgur com Legumes Assados e Camarão,0.35,KG,3.99,11.40,€
12000,6716056,refeicoes-faceis,Pizza Fresca Havaiana,0.42,KG,2.79,6.64,€
12001,4099009,refeicoes-faceis,Pizza Casa di Mama de Salame,0.405,KG,5.89,15.10,€
12002,5630043,refeicoes-faceis,Coxinha de Frango,2.0,KG,0.79,10.13,€
12003,7739440,refeicoes-faceis,Bacalhau com Natas,0.3,KG,3.59,11.97,€
12004,6474850,refeicoes-faceis,Mini Pizzas de Atum,0.27,KG,4.75,17.59,€
12005,7465411,refeicoes-faceis,Pizza The Good Baker Broccoli & Mushroom,0.365,KG,5.89,16.14,€
12006,7400531,refeicoes-faceis,Pizza Marguerita Vegan,0.34,KG,5.89,17.32,€
12007,4099011,refeicoes-faceis,Pizza Casa di Mama de Fiambre e Cogumelos,0.42,KG,5.89,15.50,€
12008,2907947,refeicoes-faceis,Chamuças,2.0,KG,0.79,19.75,€
12009,3643622,refeicoes-faceis,Arroz Integral Pronto a Comer sem Glúten,2.0,KG,1.45,5.80,€
12010,7739444,refeicoes-faceis,Bacalhau Espiritual,0.3,KG,3.19,10.63,€
12011,7526169,refeicoes-faceis,Hambúrguer Panado Vegan Sabor a Frango,0.18,KG,3.09,17.17,€
12012,5997405,refeicoes-faceis,Noodles de Camarão Banzai,0.067,KG,1.19,17.76,€
12013,6621624,refeicoes-faceis,Empadão de Carne,0.35,KG,2.69,7.69,€
12014,4700309,refeicoes-faceis,Esparregado,0.25,UN,4.99,1.25,€
12015,6063220,refeicoes-faceis,Tortellini Fresco de Beringela e Tomate,0.25,KG,3.79,15.16,€
12016,7472957,refeicoes-faceis,Algas Kombu Biológicas,0.03,KG,3.99,133.00,€
12017,7465340,refeicoes-faceis,Pizza The Good Baker Veggie Mix,0.39,KG,5.89,15.10,€
12018,5522955,refeicoes-faceis,Lasanha de Ricotta e Espinafres,0.35,KG,3.99,11.40,€
12019,7541594,refeicoes-faceis,Pizza Salame Romano,0.385,KG,4.19,10.88,€
12020,3047533,refeicoes-faceis,Tofu Refrigerado Biológico,0.5,KG,4.15,8.30,€
12021,6949304,refeicoes-faceis,Wrap de Atum,0.19,KG,2.19,11.53,€
12022,6813081,refeicoes-faceis,Salada da Terra,0.15,KG,1.99,13.27,€
12023,6920487,refeicoes-faceis,Menu Frango Assado + Arroz Branco,1.0,KG,6.29,6.29,€
12024,7576788,refeicoes-faceis,Pizza Snacks 3 Queijos,0.25,KG,4.99,19.96,€
12025,6860125,refeicoes-faceis,Penne de Frango e Nozes,0.3,KG,4.39,14.63,€
12026,7418377,refeicoes-faceis,Tiras Marinadas de Proteína Vegetal,0.16,KG,4.49,28.06,€
12027,7011814,refeicoes-faceis,Hambúrguer Clássico de Proteína Vegetal,0.15,KG,4.49,29.93,€
12028,3796750,refeicoes-faceis,Pizza Ristorante de Frango,0.375,KG,3.79,10.68,€
12029,7576796,refeicoes-faceis,Pizza Deep Pan Pepperoni e Fiambre,0.415,KG,6.49,15.64,€
12030,7207959,refeicoes-faceis,Chili Sin Carne com Proteína Vegetal,0.4,KG,3.99,9.97,€
12031,7295696,refeicoes-faceis,Ovos Cozidos,4.0,UN,1.29,1.29,€
12032,2953090,refeicoes-faceis,Noodles Tentação de Galinha,0.061,KG,1.54,25.25,€
12033,5228137,refeicoes-faceis,Crepes de Maçã e Canela,0.54,KG,3.99,7.39,€
12034,6517854,refeicoes-faceis,Tortelloni Fresco com Queijo,0.25,KG,1.79,7.16,€
12035,6925860,refeicoes-faceis,Pizza Massa Fina Gran Formaggio,0.555,KG,7.89,14.22,€
12036,4999505,refeicoes-faceis,Hambúrguer de Vaca,0.22,KG,2.29,10.41,€
12037,7632360,refeicoes-faceis,Tagliatelle Carbonara,0.3,KG,1.99,6.63,€
12038,7253922,refeicoes-faceis,Falafel de Proteína Vegetal,0.19,KG,4.49,23.63,€
12039,3047531,refeicoes-faceis,Tofu Refrigerado Biológico,0.25,KG,2.25,9.00,€
12040,6937640,refeicoes-faceis,Mini Pizzas Cremosa de Fiambre,0.27,KG,4.75,17.59,€
12041,6771158,refeicoes-faceis,Pizza Forno Di Pietra Fiambre e Cogumelos,0.34,KG,3.64,10.71,€
12042,7131209,refeicoes-faceis,Arroz de Cenoura,0.25,UN,3.99,1.00,€
12043,6750401,refeicoes-faceis,Wrap de Trigo,0.37,KG,1.75,4.73,€
12044,5235822,refeicoes-faceis,Sopa de Peixe,0.4,KG,2.49,€6.23, 
12045,7066919,refeicoes-faceis,Pastéis de Chaves IGP,0.36,KG,3.99,11.08,€
12046,3692083,refeicoes-faceis,Massa Macarrão com Molho de Queijo,0.15,KG,1.49,9.93,€
12047,7578232,refeicoes-faceis,Bacalhau do Chefe,0.3,KG,5.54,18.47,€
12048,7071995,refeicoes-faceis,Chili Vegetariano com Arroz Selvagem,0.3,KG,3.99,12.09,€
12049,5228136,refeicoes-faceis,Crepes com Doce de Ovos,0.54,KG,3.99,7.39,€
12050,4472797,refeicoes-faceis,Arroz Xau-Xau,0.25,UN,3.99,1.00,€
12051,7541601,refeicoes-faceis,Pizza Marguerita,0.35,KG,3.99,11.40,€
12052,7487162,refeicoes-faceis,Salada Bowl Santa Fe,0.2,KG,2.69,13.45,€
12053,7657131,refeicoes-faceis,Rissóis de Camarão,2.0,KG,0.79,13.17,€
12054,7614133,refeicoes-faceis,Kit Vegetariano Tagliatelle BoloNew!,0.408,KG,4.99,12.23,€
12055,7363331,refeicoes-faceis,Pizza Massa Fina Fiambre e Queijo,0.351,KG,4.99,14.22,€
12056,2952997,refeicoes-faceis,Noodles Atração de Queijo,0.07,KG,1.54,25.25,€
12057,6718374,refeicoes-faceis,Wrap Cereais com Sementes,0.32,KG,1.64,5.12,€
12058,7463347,refeicoes-faceis,Hambúrguer Vegan,0.15,UN,3.35,3.35,€
12059,5951542,refeicoes-faceis,Natas do Céu,0.18,KG,1.69,9.39,€
12060,6771361,refeicoes-faceis,Pizza Forno Di Pietra 4 Estações,0.335,KG,3.64,10.71,€
12061,7465415,refeicoes-faceis,Pizza La Mia Grande Salame Picante,0.38,KG,6.59,17.34,€
12062,6949314,refeicoes-faceis,Wrap de Frango,0.177,KG,2.19,12.37,€
12063,6751757,refeicoes-faceis,Pizza Forno Di Pietra de 4 Queijos,0.34,KG,3.64,10.71,€
12064,7326557,refeicoes-faceis,Pizza Massa Fina Pepperoni,0.332,KG,4.99,15.03,€
12065,5005223,refeicoes-faceis,Lasanha de Vegetais,0.34,KG,6.39,18.79,€
12066,7541598,refeicoes-faceis,Pizza Mozzarella e Pesto,0.39,KG,4.19,10.74,€
12067,6421031,refeicoes-faceis,Salada Formosa,0.15,KG,1.99,13.27,€
12068,5456397,refeicoes-faceis,Lasanha à Bolonhesa,0.35,KG,3.99,11.40,€
12069,7576797,refeicoes-faceis,Pizza Deep Pan 3 Queijos,0.421,KG,6.49,15.42,€
12070,6771356,refeicoes-faceis,Pizza Forno Di Pietra Hawai,0.38,KG,3.64,9.58,€
12071,7472966,refeicoes-faceis,Algas Wakame Biológicas,0.03,KG,3.99,133.00,€
12072,6917659,refeicoes-faceis,Noodles Chili Soba,0.111,KG,1.26,11.35,€
12073,7227588,refeicoes-faceis,Kit Tagliatelle de Bolonhesa,0.408,KG,4.99,12.23,€
12074,7450715,refeicoes-faceis,Maxi Hambúrguer Vegetariano,0.227,KG,4.99,21.98,€
12075,7576790,refeicoes-faceis,Pizza Snacks Pepperoni,0.25,KG,4.99,19.96,€
12076,7463220,refeicoes-faceis,Almôndegas Vegetarianas com Tomate,0.25,UN,3.55,3.55,€
12077,6901782,refeicoes-faceis,Sopa de Abóbora,0.4,LT,1.99,4.98,€
12078,7277588,refeicoes-faceis,Hambúrguer Sensational de Proteína Vegetal,0.226,KG,5.39,23.85,€
12079,7541595,refeicoes-faceis,Pizza Pancetta Delicata,0.39,KG,4.19,10.74,€
12080,7706473,refeicoes-faceis,Pizza Fiambre e Cogumelos,0.43,KG,4.35,10.12,€
12081,7064813,refeicoes-faceis,Soja em Pedaços Molho Mediterrâneo,0.18,KG,3.99,22.17,€
12082,6173733,refeicoes-faceis,Hambúrguer de Cogumelos,0.16,KG,3.39,21.19,€
12083,3692095,refeicoes-faceis,Massa Esparguete à Carbonara,0.16,KG,1.49,9.31,€
12084,4458606,refeicoes-faceis,Creme Brulée,0.2,KG,2.29,11.45,€
12085,6617048,refeicoes-faceis,Tiramisu,0.16,KG,1.69,10.56,€
12086,7391379,refeicoes-faceis,Risotto de Cogumelos,0.28,KG,2.99,10.68,€
12087,5605507,refeicoes-faceis,Noodles de Caril Banzai,0.067,KG,1.19,17.76,€
12088,7541597,refeicoes-faceis,Pizza Spinaci e Ricotta,0.415,KG,4.19,10.10,€
12089,7490246,refeicoes-faceis,Profiteroles com Caramelo Salgado,0.24,UN,2.99,12.46,€
12090,7576794,refeicoes-faceis,Mini Pizzas Pepperoni,0.372,KG,5.74,15.43,€
12091,5971143,refeicoes-faceis,Galettes de Cenoura e Abóbora,0.3,KG,3.99,13.30,€
12092,7577215,refeicoes-faceis,Pizza Speciale,0.345,KG,5.09,14.75,€
12093,6758818,refeicoes-faceis,Natilhas Bolacha Maria,4.0,KG,1.39,2.78,€
12094,5951552,refeicoes-faceis,Cheesecake,0.18,KG,1.69,9.39,€
12095,3692091,refeicoes-faceis,Massa Esparguete à Bolonhesa,0.16,KG,1.49,9.31,€
12096,7720417,refeicoes-faceis,Salada Minute Americana,0.2,KG,3.69,18.45,€
12097,7026920,refeicoes-faceis,Hambúrguer Vegetariano de Espinafres,0.16,KG,4.39,27.44,€
12098,7578233,refeicoes-faceis,Bacalhau à Brás,0.24,KG,5.54,23.08,€
12099,7526165,refeicoes-faceis,Pedaços Vegan Sabor a Frango,0.16,KG,3.09,19.31,€
12100,7463222,refeicoes-faceis,Bocados Mediterrâneos,0.16,UN,3.95,3.95,€
12101,6901774,refeicoes-faceis,Sopa Couve Flor e Coentros,0.8,LT,2.99,3.74,€
12102,6447738,refeicoes-faceis,Pasta Tomate e Mozzarella Pot,0.072,KG,2.3,31.94,€
12103,7630250,refeicoes-faceis,Pizza de Legumes Assados e Queijo Vegetariana,0.36,KG,4.59,12.75,€
12104,6917558,refeicoes-faceis,Arroz Branco,0.25,UN,3.49,0.87,€
12105,6815948,refeicoes-faceis,Queijo Creme Fresco Trufa para Barrar,0.15,KG,2.34,15.60,€
12106,3834953,refeicoes-faceis,Pizza Fresca de Fiambre e Queijo,0.36,KG,3.99,11.08,€
12107,5948636,refeicoes-faceis,Empanadilha Espinafres e Queijo,0.33,KG,4.39,13.30,€
12108,7576793,refeicoes-faceis,Mini Pizzas 4 Queijos,0.372,KG,5.74,15.43,€
12109,7554122,refeicoes-faceis,Arroz Doce,0.46,KG,2.68,5.83,€
12110,4728046,refeicoes-faceis,Francesinha,0.4,KG,4.69,11.73,€
12111,5951545,refeicoes-faceis,Serradura,0.17,KG,1.89,11.12,€
12112,6901789,refeicoes-faceis,Sopa de Cenoura,0.4,LT,1.99,4.98,€
12113,7026831,refeicoes-faceis,Hambúrguer Vegetariano de Beringela,0.16,KG,4.39,27.44,€
12114,7399899,refeicoes-faceis,Escalope Vegetariano,0.16,KG,4.39,27.44,€
12115,7464671,refeicoes-faceis,Escalopes Crocantes Vegan,0.2,UN,3.99,3.99,€
12116,6771121,refeicoes-faceis,Pizza Forno Di Pietra Diavola,0.34,KG,3.64,10.71,€
12117,6917664,refeicoes-faceis,Noodles Teriyaki Soba Pot,0.09,KG,1.79,19.89,€
12118,7465339,refeicoes-faceis,Pizza La Mia Grande 4 Formaggi,0.4,KG,6.59,16.48,€
12119,6517766,refeicoes-faceis,Esparguete com Ovo,0.25,KG,0.89,3.56,€
12120,6457059,refeicoes-faceis,Crepes de Creme de Pastel de Nata,0.54,KG,3.99,7.39,€
12121,4833012,refeicoes-faceis,Batata Frita Rodelas,0.4,KG,2.66,6.65,€
12122,4313177,refeicoes-faceis,Profiteroles de Nata,0.33,KG,2.69,8.15,€
12123,7156768,refeicoes-faceis,Frango Agridoce com Noodles Fritos,0.35,KG,3.29,9.40,€
12124,5060921,refeicoes-faceis,Tortellini Fresco de Boletus Edulis,0.25,KG,3.79,15.16,€
12125,5100395,refeicoes-faceis,Pizza Fresca Carbonara,0.36,KG,3.99,11.08,€
12126,6771368,refeicoes-faceis,Pizza Forno Di Pietra Carbonara,0.3,KG,3.64,10.71,€
12127,7578229,refeicoes-faceis,Empadão de Bacalhau,0.28,KG,5.54,19.79,€
12128,5111063,refeicoes-faceis,Queijo Creme Fresco com Salmão para Barrar,0.15,KG,2.34,15.60,€
12129,7464689,refeicoes-faceis,Douradinhos Vegan,0.189,UN,3.99,3.99,€
12130,7629584,refeicoes-faceis,Lasanha de Queijo,0.4,KG,2.49,6.23,€
12131,6173731,refeicoes-faceis,Hambúrguer de Azeitona Preta,0.16,KG,3.39,21.19,€
12132,7481105,refeicoes-faceis,Frango sem Osso Assado com molho de Barbecue e Cebola Frita,0.24,UN,3.99,3.99,€
12133,7394642,refeicoes-faceis,Burrito Mexicano,0.25,KG,2.69,10.76,€
12134,7599242,refeicoes-faceis,Hambúrguer de Bacon,0.22,KG,3.19,14.50,€
12135,6905468,refeicoes-faceis,Tortellini de Carne,0.25,KG,3.84,15.36,€
12136,7623965,refeicoes-faceis,Salada César Vegan,0.19,KG,2.99,15.74,€
12137,7749062,refeicoes-faceis,Ravioli Fresco de Abóbora e Cebola Caramelizada,0.25,KG,3.79,15.16,€
12138,7554197,refeicoes-faceis,Mousse Crocante de Chocolate,0.228,KG,2.09,9.17,€
12139,7198208,refeicoes-faceis,Flautas de Bacon e dois Queijos,0.22,KG,2.69,12.23,€
12140,4863872,refeicoes-faceis,Batata Frita Rodelas,0.2,KG,1.34,6.70,€
12141,7027036,refeicoes-faceis,Hambúrguer Vegetariano com Pimentos Assados,0.16,KG,4.39,27.44,€
12142,7274196,refeicoes-faceis,Tofu Natural,0.3,KG,3.39,11.30,€
12143,6905484,refeicoes-faceis,Tortellinni com Ricotta e Espinafres,0.25,KG,3.84,15.36,€
12144,7154371,refeicoes-faceis,Mini Wrap de Trigo,0.26,KG,1.49,5.73,€
12145,7614094,refeicoes-faceis,Siao Long Pao de Carne,0.23,KG,2.69,11.70,€
12146,7632359,refeicoes-faceis,Esparguete à Bolonhesa,0.3,KG,1.99,6.63,€
12147,5453638,refeicoes-faceis,Pastel de Bacalhau,2.0,KG,0.79,16.12,€
12148,5948645,refeicoes-faceis,Empanadilha Cogumelos,0.33,KG,4.39,13.30,€
12149,7623537,refeicoes-faceis,Salada de Atum e Ovo,0.259,KG,3.69,14.25,€
12150,6901791,refeicoes-faceis,Sopa de Couve Flôr,0.4,LT,1.99,4.98,€
12151,4228867,refeicoes-faceis,Bifes de Soja Natural,0.15,KG,4.49,17.96,€
12152,6190167,refeicoes-faceis,Hambúrgueres de Vaca e Queijo sem Glúten,0.2,KG,4.7,23.50,€
12153,7554418,refeicoes-faceis,Delícia de Bolacha,0.25,KG,2.09,8.36,€
12154,5877580,refeicoes-faceis,Pizza Fresca de 4 Queijos,0.365,KG,3.99,10.93,€
12155,6157080,refeicoes-faceis,Pasta Bolonhesa Pot,0.068,KG,2.3,33.82,€
12156,6823980,refeicoes-faceis,Arroz Doce,0.25,KG,1.69,6.76,€
12157,6156784,refeicoes-faceis,Pasta Cogumelos Pot,0.07,KG,2.3,32.86,€
12158,5884769,refeicoes-faceis,Empada de Vitela,2.0,KG,0.99,12.38,€
12159,7554205,refeicoes-faceis,Mousse de Chocolate de Leite,0.24,KG,2.09,8.71,€
12160,7311676,refeicoes-faceis,Pasta Mac'n Cheese Pot,0.062,KG,2.3,37.10,€
12161,6917660,refeicoes-faceis,Noodles Clássico Soba,0.09,KG,1.79,19.89,€
12162,7623539,refeicoes-faceis,Salada de Frango com Paprica,0.223,KG,3.69,16.55,€
12163,7614093,refeicoes-faceis,Crepes Primavera para Fritar,0.28,KG,1.99,7.11,€
12164,6470679,refeicoes-faceis,Pastéis de Legumes,0.28,KG,4.39,15.68,€
12165,7554417,refeicoes-faceis,Mousse de Caramelo,0.24,KG,2.09,8.71,€
12166,6905482,refeicoes-faceis,Tortellini de Queijo,0.25,KG,3.84,15.36,€
12167,7418255,refeicoes-faceis,Molho Tzatziki,0.18,KG,1.99,11.06,€
12168,6952372,refeicoes-faceis,Sopa de Brócolos,0.8,UN,2.99,2.99,€
12169,6244386,refeicoes-faceis,Chilli Vegetal,0.32,KG,4.65,14.53,€
12170,7465416,refeicoes-faceis,Pizza The Good Baker Bolognese,0.355,KG,5.89,16.14,€
12171,6173734,refeicoes-faceis,Hambúrguer de Espinafres,0.16,KG,3.39,21.19,€
12172,6771155,refeicoes-faceis,Pizza Forno Di Pietra de Atum,0.345,KG,3.64,10.55,€
12173,4228857,refeicoes-faceis,Bifes de Soja com Molho Tomate,0.25,KG,4.49,17.96,€
12174,7740637,refeicoes-faceis,Carbonara de Legumes ao Vapor,0.325,KG,3.99,12.28,€
12175,6561372,refeicoes-faceis,Hambúrguer Abóbora,0.16,KG,3.39,21.19,€
12176,6901776,refeicoes-faceis,Sopa de Abóbora,0.8,LT,2.99,3.74,€
12177,5344104,refeicoes-faceis,Tofu Natural sem Glúten,0.25,KG,2.99,11.96,€
12178,6952368,refeicoes-faceis,Sopa de Brócolos,0.4,UN,1.99,1.99,€
12179,6917671,refeicoes-faceis,Noodles Yakitori Galinha Soba Pot,0.09,KG,1.79,20.11,€
12180,4374072,refeicoes-faceis,Massa Tallarine à Carbonara,0.15,KG,1.49,9.93,€
12181,7566321,refeicoes-faceis,Wrap Vegetariano,0.183,KG,2.19,11.97,€
12182,3040459,refeicoes-faceis,Massa Instantânea Chinesa de Tomate,0.085,KG,0.83,9.76,€
12183,4808387,refeicoes-faceis,Salada Aromática,0.1,KG,1.59,15.90,€
12184,7554199,refeicoes-faceis,Mousse Chocolate Negro,0.24,KG,2.09,8.71,€
12185,7740636,refeicoes-faceis,Noodles de Legumes ao Vapor,0.325,KG,3.99,12.28,€
12186,7533911,refeicoes-faceis,Liégeois Chocolate,0.4,KG,1.19,2.98,€
12187,2604185,refeicoes-faceis,Massa Instantânea Chinesa Ezy Cook,0.375,KG,3.1,8.27,€
12188,7554419,refeicoes-faceis,Delícia de Chocolate,0.25,KG,2.09,8.36,€
12189,7647231,refeicoes-faceis,Rissóis de Carne,2.0,KG,0.79,12.15,€
12190,4228877,refeicoes-faceis,Hambúrguer de Tofu e Cogumelos,0.15,KG,3.49,21.81,€
12191,4965263,refeicoes-faceis,Salada Campestre,0.15,KG,1.99,13.27,€
12192,7071950,refeicoes-faceis,Creme Catalana,0.206,KG,2.19,10.63,€
12193,7554198,refeicoes-faceis,Mousse Crocante Baunilha,0.228,KG,2.09,9.17,€
12194,7418012,refeicoes-faceis,Sopa de Ervilhas com Leite de Coco,0.8,KG,2.99,3.74,€
12195,4374096,refeicoes-faceis,Massa Fusilli Parmesana,0.15,KG,1.49,9.93,€
12196,6579755,refeicoes-faceis,Natilhas de Baunilha,0.5,KG,1.09,2.18,€
12197,3040472,refeicoes-faceis,Massa Instantânea Chinesa de Caril,0.085,KG,0.83,9.76,€
12198,7751671,refeicoes-faceis,Lummus Original,0.2,KG,2.99,14.95,€
12199,7472936,refeicoes-faceis,Algas Alface do Mar Biológicas,0.03,KG,3.99,133.00,€
12200,7704587,refeicoes-faceis,Pasta de Atum,0.18,KG,1.79,9.94,€
12201,6617051,refeicoes-faceis,Profiteroles,0.18,KG,1.69,9.39,€
12202,6561373,refeicoes-faceis,Hambúrguer de Caril,0.16,KG,3.39,21.19,€
12203,5560090,refeicoes-faceis,Sandes de Atum e Ovo,0.175,KG,1.85,10.57,€
12204,7066909,refeicoes-faceis,Pastéis Recheados Legumes,0.36,KG,3.99,11.08,€
12205,4086851,refeicoes-faceis,Hambúrguer de Soja com Aveia,0.15,KG,3.49,21.81,€
12206,7363515,refeicoes-faceis,Puré de Batata Cebola e Bacon Pot Pronto a Comer,0.051,KG,2.3,45.10,€
12207,7612663,refeicoes-faceis,Noodles Fusian Teriyak,0.13,KG,2.29,17.62,€
12208,7638663,refeicoes-faceis,Pastel com Frango,1.0,KG,1.19,14.00,€
12209,6902530,refeicoes-faceis,Massa Instantânea Masala,0.085,KG,0.83,9.76,€
12210,7472965,refeicoes-faceis,Algas Esparguete do Mar Biológicas,0.03,KG,3.99,133.00,€
12211,4965242,refeicoes-faceis,Salada Serrana,0.15,KG,1.99,13.27,€
12212,7477479,refeicoes-faceis,Toucinho do Céu,2.0,KG,0.99,4.95,€
12213,6561374,refeicoes-faceis,Hambúrguer Goji,0.16,KG,3.39,21.19,€
12214,4716698,refeicoes-faceis,Salada Ibérica,0.1,KG,1.59,15.90,€
12215,7377445,refeicoes-faceis,Asia Noodles Pot,0.065,KG,1.49,22.92,€
12216,7062751,refeicoes-faceis,Quinoa e Lentilhas ao Estilo Mexicano sem Glúten,0.25,KG,2.29,9.16,€
12217,7417011,refeicoes-faceis,Noodles Hot Bacon,0.063,KG,1.54,24.44,€
12218,5560734,refeicoes-faceis,Sandes Delícias do Mar,0.18,KG,1.85,10.28,€
12219,7376268,refeicoes-faceis,Pudim Flan Café,0.4,KG,2.62,6.55,€
12220,7062756,refeicoes-faceis,Sabores do Mediterrâneo,0.25,KG,2.29,9.16,€
12221,5805652,refeicoes-faceis,Croquete de Frango com Alho Francês,2.0,KG,0.79,17.56,€
12222,7129462,refeicoes-faceis,Pasta Pesto Pot,0.068,KG,2.3,33.82,€
12223,7715985,refeicoes-faceis,Fingers Vegan,0.16,KG,4.39,27.44,€
12224,6917675,refeicoes-faceis,Noodles Galinha Soba,0.063,KG,1.34,21.27,€
12225,6917654,refeicoes-faceis,Demae Ramen de Galinha,0.1,KG,1.11,11.10,€
12226,5248537,refeicoes-faceis,Hambúrguer Cenoura e Algas,0.15,KG,3.49,21.81,€
12227,6917645,refeicoes-faceis,Noodles de Vitela,0.064,KG,1.34,20.94,€
12228,7418011,refeicoes-faceis,Sopa de Ervilhas com Leite de Coco,0.4,KG,1.99,4.98,€
12229,7704589,refeicoes-faceis,Pasta de Frango,0.18,KG,1.79,9.94,€
12230,7715988,refeicoes-faceis,Nuggets Vegan,0.16,KG,4.39,27.44,€
12231,6579764,refeicoes-faceis,Natilhas Chocolate,0.5,KG,1.49,2.98,€
12232,6010729,refeicoes-faceis,Sandes de Frango,0.175,KG,1.85,10.57,€
12233,6918806,refeicoes-faceis,Sandes de Fiambre e Queijo,0.2,KG,1.85,9.25,€
12234,5830172,refeicoes-faceis,Hambúrguer de Cereais com Queijo,0.16,KG,3.49,21.81,€
12235,7704591,refeicoes-faceis,Pasta de Delícias do Mar,0.18,KG,1.79,9.94,€
12236,6642404,refeicoes-faceis,Leite Creme com Bolacha,0.5,KG,2.07,2.07,€
12237,6852558,refeicoes-faceis,Doce da Casa,0.15,KG,1.99,13.27,€
12238,6917632,refeicoes-faceis,Noodles de Camarão,0.063,KG,1.34,21.27,€
12239,7376264,refeicoes-faceis,Pudim Flan Chocolate,6.0,KG,2.33,3.88,€
12240,7241228,refeicoes-faceis,Croquete de Espinafres,2.0,KG,0.79,16.46,€
12241,6939210,refeicoes-faceis,Massa Instantânea de Carne Pot,0.065,KG,1.02,15.69,€
12242,7475050,refeicoes-faceis,Sobremesa com Manga e Chia,0.125,KG,1.29,10.32,€
12243,7062754,refeicoes-faceis,"Trigo, Tomate e Manjericão sem Glúten",0.25,KG,2.29,9.16,€
12244,6554637,refeicoes-faceis,Puré Maçã Frutos vermelhos,4.0,KG,2.89,7.23,€
12245,5819423,refeicoes-faceis,Batata Frita Rodelas Grossas Sabor Original,0.12,KG,1.29,10.75,€
12246,4374082,refeicoes-faceis,Massa Fusilli com Pesto,0.15,KG,1.49,9.93,€
12247,6561375,refeicoes-faceis,Hambúrguer Sementes sem Glúten,0.16,KG,3.39,21.19,€
12248,7551410,refeicoes-faceis,Tagliatelle Fresco Biológico,0.25,UN,2.19,2.19,€
12249,7600279,refeicoes-faceis,Pastel com Salmão,1.0,KG,1.19,14.00,€
12250,7378676,refeicoes-faceis,Empada de Cozido,2.0,KG,0.99,12.38,€
