,Time scraped,Category,Name,Amount,Units,List_Price,Price_per_unit_of_measure,Currency
0,2023-05-12 18:26:22,mercearia, Doce de Abóbora Sabores do Campo ,0.31,KG,1.99,6.42,€
1,2023-05-12 18:26:22,mercearia, Sal em Saco Rui Simeão Marinho DOP ,1.5,KG,1.37,0.91,€
2,2023-05-12 18:26:22,mercearia, Doce de Tomate Sabores do Campo ,0.31,KG,1.99,6.42,€
3,2023-05-12 18:26:22,mercearia, Snack Hóstias de Camarão Zanuy ,0.05,KG,1.79,35.8,€
4,2023-05-12 18:26:22,mercearia, Cacau Cru em Pepitas Seara ,0.1,KG,3.99,39.9,€
5,2023-05-12 18:26:22,mercearia, Pimenta Branca Moída Pingo Doce ,0.043,KG,0.89,20.7,€
6,2023-05-12 18:26:22,mercearia, Ervilhas Jerónimos ,0.34,KG,1.59,4.68,€
7,2023-05-12 18:26:22,mercearia, Adoçante em Pó Pingo Doce ,0.09,KG,2.29,25.44,€
8,2023-05-12 18:26:22,mercearia, Bolachas Canudinhos Waffer Dailidoce ,0.3,KG,2.54,8.47,€
9,2023-05-12 18:26:22,mercearia, Doce de Morango Sabores do Campo ,0.31,KG,1.99,6.42,€
10,2023-05-12 18:26:22,mercearia, Jaca em Calda Koala ,0.565,KG,2.83,5.01,€
11,2023-05-12 18:26:22,mercearia, Risotto com Cogumelos Porcini Pingo Doce ,0.175,KG,1.39,7.94,€
12,2023-05-12 18:26:22,mercearia, Tablete Chocolate Negro 70% Sobremesas Lindt ,0.2,KG,3.99,19.95,€
13,2023-05-12 18:26:22,mercearia, Molho de Mostarda com Pickles Bandido ,0.2,KG,2.25,11.25,€
14,2023-05-12 18:26:22,mercearia, Molho Inglês Savora ,0.12,L,1.69,14.08,€
15,2023-05-12 18:26:22,mercearia, Farinha para Pão Branco Pingo Doce ,0.5,KG,0.99,1.98,€
16,2023-05-12 18:26:22,mercearia, Feijão Branco Seco Pingo Doce ,0.5,KG,0.99,1.98,€
17,2023-05-12 18:26:22,mercearia, Aroma de Baunilha Globo ,0.028,L,1.34,47.86,€
18,2023-05-12 18:26:22,mercearia, Farinha de Arroz Globo ,0.25,KG,0.79,3.16,€
19,2023-05-12 18:26:22,mercearia, Bolachas de Manteiga Tradicionais St Michel ,0.13,KG,1.89,14.54,€
20,2023-05-12 18:26:22,mercearia, Piri-piri Moído Pingo Doce ,0.041,KG,0.59,14.39,€
21,2023-05-12 18:26:22,mercearia, Sopa Miso Saitaku ,0.088,KG,1.99,22.61,€
22,2023-05-12 18:26:22,mercearia, Waffers de Baunilha Dailidoce ,0.25,KG,2.04,8.16,€
23,2023-05-12 18:26:22,mercearia, Farinha para Bolo de Chocolate Pingo Doce ,0.5,KG,2.49,4.98,€
24,2023-05-12 18:26:22,mercearia, Pastilha Elástica de Peppermint Pingo Doce ,0.0261,KG,0.49,18.77,€
25,2023-05-12 18:26:22,mercearia, Doce de Figo Sabores do Campo ,0.31,KG,1.99,6.42,€
26,2023-05-12 18:26:22,mercearia, Molho Piri-Piri Extreme Bandido ,0.1,L,2.25,22.5,€
27,2023-05-12 18:26:22,mercearia, Molho Piri-Piri Original Bandido ,0.1,L,2.25,22.5,€
28,2023-05-12 18:26:22,mercearia, Molho para Francesinha Pingo Doce ,0.5,L,1.99,3.98,€
29,2023-05-12 18:26:22,mercearia, Bolsa de Fruta Manga Um Bongo ,0.09,KG,0.99,11.0,€
30,2023-05-12 18:26:22,mercearia, Pipocas Doces Saloinha ,0.15,KG,1.29,8.6,€
31,2023-05-12 18:26:22,mercearia, Rebuçados para a Tosse Pingo Doce ,0.2,KG,1.09,5.45,€
32,2023-05-12 18:26:22,mercearia, Bolachas de Manteiga com Recheio de Caramelo Daelmans ,0.23,KG,2.39,10.39,€
33,2023-05-12 18:26:22,mercearia, Feijoca Branca Cister ,0.4,KG,0.62,1.55,€
34,2023-05-12 18:26:22,mercearia, Pastilha Elástica de Melão e Amora Pingo Doce ,0.022,KG,0.63,28.64,€
35,2023-05-12 18:26:22,mercearia, Molho Inglês Pingo Doce ,0.192,L,0.99,5.16,€
36,2023-05-12 18:26:22,mercearia, Leite de Coco Condensado com Chocolate Koala ,0.32,KG,2.89,9.03,€
37,2023-05-12 18:26:22,mercearia, Flor de Sal Marinho Rui Simeão ,0.25,KG,2.25,9.0,€
38,2023-05-12 18:26:22,mercearia, Lichias em Calda Globo ,0.565,KG,3.79,6.71,€
39,2023-05-12 18:26:22,mercearia, Molho de Piri Piri Jalapeño Bandido ,0.1,L,2.25,22.5,€
40,2023-05-12 18:26:22,mercearia, Velas e Números Vahine ,10.0,UN,5.19,0.52,€
41,2023-05-12 18:26:22,mercearia, Gelatina de Frutos Vermelhos +Proteína Condi ,0.08,KG,3.14,39.25,€
42,2023-05-12 18:26:22,mercearia, Bolachas Maria Pingo Doce ,0.2,KG,0.59,2.95,€
43,2023-05-12 18:26:22,mercearia, Tomilho em Folha Pingo Doce ,0.02,KG,0.89,44.5,€
44,2023-05-12 18:26:22,mercearia, Leite Creme Pingo Doce ,0.092,KG,0.49,5.33,€
45,2023-05-12 18:26:22,mercearia, Pastilha Elástica de Canela Chiclets ,0.016800000000000002,KG,0.99,58.93,€
46,2023-05-12 18:26:22,mercearia, Cebolinho Pingo Doce ,0.0045,KG,0.99,220.0,€
47,2023-05-12 18:26:22,mercearia, Pastilha Elástica de Spearmint Chiclets ,0.016800000000000002,KG,0.99,58.93,€
48,2023-05-12 18:26:22,mercearia, Sardinha sem Pele e sem Espinha em Azeite Pingo Doce ,0.12,KG,1.69,14.08,€
49,2023-05-12 18:26:22,mercearia, Sardinha sem Pele e sem Espinha em Tomate Pingo Doce ,0.12,KG,1.69,14.08,€
50,2023-05-12 18:26:22,mercearia, Rebuçados Peitorais Dr. Bayard ,0.2,KG,2.15,10.75,€
51,2023-05-12 18:26:22,mercearia, Molho de Vinagrete com Mostarda L'Ancienne Pingo Doce ,0.245,L,1.39,5.67,€
52,2023-05-12 18:26:22,mercearia, Farinha de Arroz Ceifeira ,0.5,KG,1.09,2.18,€
53,2023-05-12 18:26:22,mercearia, Flor de Sal Marnoto ,0.25,KG,1.79,7.16,€
54,2023-05-12 18:26:22,mercearia, Cacau Magro em Pó Pingo Doce ,0.125,KG,0.99,7.92,€
55,2023-05-12 18:26:22,mercearia, Molho Piri-Piri Extra Forte Pingo Doce ,0.1,L,0.99,9.9,€
56,2023-05-12 18:26:22,mercearia, Molho de Vinagrete Pingo Doce ,0.245,L,1.19,4.86,€
57,2023-05-12 18:26:22,mercearia, Molho Piri-piri Pingo Doce ,0.195,L,0.37,1.9,€
58,2023-05-12 18:26:22,mercearia, Bolachas de Chocolate Fingers Cadbury ,0.114,KG,2.19,19.21,€
59,2023-05-12 18:26:22,mercearia, Polpa de Maracujá sem sementes Koala ,0.565,KG,4.04,7.15,€
60,2023-05-12 18:26:22,mercearia, Lichias em Calda Koala ,0.567,KG,2.79,4.92,€
61,2023-05-12 18:26:22,mercearia, Farinha de Trigo sem Fermento Tipo 65 Pérola ,1.0,KG,0.84,0.84,€
62,2023-05-12 18:26:22,mercearia, Fusilli Com Cogumelos Pingo Doce ,0.155,KG,1.39,8.97,€
63,2023-05-12 18:26:22,mercearia, Mostarda Dijon Pingo Doce ,0.2,KG,1.44,7.2,€
64,2023-05-12 18:26:22,mercearia, Gelatina em Folha Incolor Premium ,0.045,KG,0.69,15.33,€
65,2023-05-12 18:26:22,mercearia, Snacks Pops Cocoa Urban Foods ,0.027,KG,1.39,51.48,€
66,2023-05-12 18:26:22,mercearia, Milho para Pipocas Pingo Doce ,0.25,KG,0.39,1.56,€
67,2023-05-12 18:26:22,mercearia, Sardinha em Azeite Pingo Doce ,0.12,KG,0.99,8.25,€
68,2023-05-12 18:26:22,mercearia, Pastilha Elástica de Morango Chiclets ,0.0165,KG,0.99,60.0,€
69,2023-05-12 18:26:22,mercearia, Mel com Geleia Real Serramel ,0.3,KG,5.77,19.23,€
70,2023-05-12 18:26:22,mercearia, Sardinha em Tomate Pingo Doce ,0.12,KG,0.99,8.25,€
71,2023-05-12 18:26:22,mercearia, Sal Marinho Tradicional Marnoto ,1.0,KG,0.89,0.89,€
72,2023-05-12 18:26:22,mercearia, Sal Fino Iodado Vatel ,0.25,KG,0.79,3.16,€
73,2023-05-12 18:26:22,mercearia, Mel de Rosmaninho Lacre Serramel ,0.5,KG,7.14,14.28,€
74,2023-05-12 18:26:22,mercearia, Mel Cremoso de Laranjeira do Algarve Serramel ,0.42,KG,6.39,15.21,€
75,2023-05-12 18:26:22,mercearia, Mel de Queiró e Rosmaninho Serramel ,0.3,KG,4.24,14.13,€
76,2023-05-12 18:26:22,mercearia, Sal Marinho Especial Saladas Vatel ,0.25,KG,0.84,3.36,€
77,2023-05-12 18:26:22,mercearia, Sal Fino de Mesa Vatel ,0.25,KG,0.49,1.96,€
78,2023-05-12 18:26:22,mercearia, Mel de Queiró Serramel ,0.5,KG,6.39,12.78,€
79,2023-05-12 18:26:22,mercearia, Macedónia de Legumes Pingo Doce ,0.4,KG,0.99,2.47,€
80,2023-05-12 18:26:22,mercearia, Rebentos de Feijão Mungo Pingo Doce ,0.2,KG,0.79,3.95,€
81,2023-05-12 18:26:22,mercearia, Mistura Flor de Sal com Orégãos Marnoto ,0.125,KG,2.59,20.72,€
82,2023-05-12 18:26:22,mercearia, Mistura Flor de Sal com Piri-Piri Marnoto ,0.125,KG,2.59,20.72,€
83,2023-05-12 18:26:22,mercearia, Mistura Flor de Sal com Alho Marnoto ,0.125,KG,2.59,20.72,€
84,2023-05-12 18:26:22,mercearia, Doce de Abóbora com Amêndoas Beirabaga ,0.27,KG,3.19,11.81,€
85,2023-05-12 18:26:22,mercearia, Doce de Tomate Beirabaga ,0.27,KG,3.19,11.81,€
86,2023-05-12 18:26:22,mercearia, Doce de Ginja Beirabaga ,0.27,KG,3.19,11.81,€
87,2023-05-12 18:26:22,mercearia, Pepino Agridoce com Mostarda Maçarico ,0.21,KG,2.54,12.1,€
88,2023-05-12 18:26:22,mercearia, Pepinos Maçarico ,0.21,KG,2.27,10.81,€
89,2023-05-12 18:26:22,mercearia, Açúcar em Pó Sidul ,0.25,KG,1.59,6.36,€
90,2023-05-12 18:26:22,mercearia, Açúcar em Pó Rar ,0.25,KG,1.25,5.0,€
91,2023-05-12 18:26:22,mercearia, Cereais Corn Flakes Pingo Doce ,0.5,KG,1.79,3.58,€
92,2023-05-12 18:26:22,mercearia, Gomas Dedos Interdoces ,0.15,KG,1.89,12.6,€
93,2023-05-12 18:26:22,mercearia, Açúcar Mascavado Escuro RAR ,0.5,KG,2.19,4.38,€
94,2023-05-12 18:26:22,mercearia, Açúcar Mascavado Claro RAR ,0.5,KG,2.19,4.38,€
95,2023-05-12 18:26:22,mercearia, Flocos de Mel Pingo Doce ,0.75,KG,3.29,4.39,€
96,2023-05-12 18:26:22,mercearia, Sal Grosso Pingo Doce ,1.0,KG,0.25,0.25,€
97,2023-05-12 18:26:22,mercearia, Gomas Amoras Interdoces ,0.15,KG,1.89,12.6,€
98,2023-05-12 18:26:22,mercearia, Gomas Bananas Interdoces ,0.15,KG,1.89,12.6,€
99,2023-05-12 18:26:22,mercearia, Gomas Minhocas Interdoces ,0.15,KG,1.89,12.6,€
100,2023-05-12 18:26:22,mercearia, Gomas Minhocas Cítricas Interdoces ,0.15,KG,1.89,12.6,€
101,2023-05-12 18:26:22,mercearia, Gomas Morangos Interdoces ,0.15,KG,1.89,12.6,€
102,2023-05-12 18:26:22,mercearia, Açúcar de Coco Bio Seara ,0.25,KG,3.99,15.96,€
103,2023-05-12 18:26:22,mercearia, Açúcar Mascavado+Stevia Sidul ,0.5,KG,3.45,6.9,€
104,2023-05-12 18:26:22,mercearia, Batatas Originais Pringles ,0.04,KG,1.29,3.23,€
105,2023-05-12 18:26:22,mercearia, Gomas Fun Mix Interdoces ,0.16,KG,2.19,13.69,€
106,2023-05-12 18:26:22,mercearia, Gomas Coloridas Fun Mix Interdoces ,0.16,KG,2.19,13.69,€
107,2023-05-12 18:26:22,mercearia, Açúcar Demerara RAR ,0.5,KG,1.99,3.98,€
108,2023-05-12 18:26:22,mercearia, Açúcar Branco Extrafino RAR ,1.0,KG,1.89,1.89,€
109,2023-05-12 18:26:22,mercearia, Cogumelos Laminados Pingo Doce ,0.185,KG,0.75,4.05,€
110,2023-05-12 18:26:22,mercearia, Milho Doce Pingo Doce ,0.15,KG,0.65,4.33,€
111,2023-05-12 18:26:22,mercearia, Snack de Maçã e Canela Fruut ,0.02,KG,0.99,49.5,€
112,2023-05-12 18:26:22,mercearia, Açúcar Branco Granulado RAR ,1.0,KG,1.69,1.69,€
113,2023-05-12 18:26:22,mercearia, Bolsa de Fruta Frutos Vermelhos Pingo Doce ,0.12,KG,0.89,7.42,€
114,2023-05-12 18:26:22,mercearia, Pudim Flan Pingo Doce Económico ,0.0224,KG,0.85,38.64,€
115,2023-05-12 18:26:22,mercearia, Pudim de Caramelo Pingo Doce ,0.09,KG,0.45,5.0,€
116,2023-05-12 18:26:22,mercearia, Café Pastilhas Intenso Pingo Doce ,15.0,UN,2.09,0.14,€
117,2023-05-12 18:26:22,mercearia, Bolsa 100% Frutas e Aveia Pingo Doce ,0.12,KG,0.89,7.42,€
118,2023-05-12 18:26:22,mercearia, Polpa de Manga Koala ,0.45,KG,2.44,5.42,€
119,2023-05-12 18:26:22,mercearia, Bolsa de Fruta Multifrutos com Aveia Pingo Doce ,0.12,KG,0.89,7.42,€
120,2023-05-12 18:26:22,mercearia, Granola com Sementes Ancestrais Pingo Doce ,0.375,KG,2.79,7.44,€
121,2023-05-12 18:26:22,mercearia, Leite Evaporado Pingo Doce ,0.41,KG,1.29,3.15,€
122,2023-05-12 18:26:22,mercearia, Creme de Barrar de Chocolate Negro Nocilla ,0.18,KG,2.84,15.78,€
123,2023-05-12 18:26:22,mercearia, Creme de Barrar Original 0% Açúcar Nocilla ,0.19,KG,3.19,16.79,€
124,2023-05-12 18:26:22,mercearia, Creme de Barrar Original Nocilla ,0.19,KG,2.39,12.58,€
125,2023-05-12 18:26:22,mercearia, Vinagre de Vinho Branco Pingo Doce ,1.0,L,0.59,0.59,€
126,2023-05-12 18:26:22,mercearia, Vinagre de Fruta Pingo Doce ,0.5,L,0.45,0.9,€
127,2023-05-12 18:26:22,mercearia, Mel de Rosmaninho Serramel ,0.5,KG,5.89,11.78,€
128,2023-05-12 18:26:22,mercearia, Bicarbornato de Sódio Margão ,0.06,KG,0.99,16.5,€
129,2023-05-12 18:26:22,mercearia, Polpa de Manga Pingo Doce ,0.86,KG,3.29,3.83,€
130,2023-05-12 18:26:22,mercearia, Cevada Solúvel Pensal ,0.075,KG,0.99,13.2,€
131,2023-05-12 18:26:22,mercearia, Espuma de Alho Negro Pingo Doce ,0.12,L,1.29,10.75,€
133,2023-05-12 18:26:22,mercearia, Doce de Leite Bonne Maman ,0.38,KG,3.99,10.5,€
134,2023-05-12 18:26:22,mercearia, Tomate Pelado Inteiro Pingo Doce ,0.39,KG,0.89,2.28,€
135,2023-05-12 18:26:22,mercearia, Tomate Pedaços Pingo Doce ,0.39,KG,0.89,2.28,€
136,2023-05-12 18:26:22,mercearia, Doce de Frutos Vermelhos Intense Bonne Maman ,0.335,KG,3.94,11.76,€
137,2023-05-12 18:26:22,mercearia, Doce de Morango Intense Bonne Maman ,0.335,KG,3.94,11.76,€
138,2023-05-12 18:26:22,mercearia, Puré de Maçã sem Açúcar Andros ,0.73,KG,3.79,5.19,€
139,2023-05-12 18:26:22,mercearia, Molho Parmigiana Saclà ,0.35,KG,4.99,14.26,€
140,2023-05-12 18:26:22,mercearia, Bolachas Sortido Cuétara ,0.42,KG,5.99,14.26,€
141,2023-05-12 18:26:22,mercearia, Snack de Fruta Maçã Vermelha Frubis ,0.02,KG,0.79,39.5,€
142,2023-05-12 18:26:22,mercearia, Bolachas Maria Artiach Marbu ,0.2,KG,1.14,5.7,€
143,2023-05-12 18:26:22,mercearia, Snack de Pêra Rocha Frubis ,0.02,KG,0.79,39.5,€
144,2023-05-12 18:26:22,mercearia, Snack de Maçã Verde Frubis ,0.02,KG,0.79,39.5,€
145,2023-05-12 18:26:22,mercearia, Doce de Laranja Pingo Doce ,0.355,KG,1.49,4.2,€
146,2023-05-12 18:26:22,mercearia, Cornichons Finos e Aromáticos Hengstenberg ,0.33,KG,2.95,8.94,€
147,2023-05-12 18:26:22,mercearia, Vinagre de Sidra Pingo Doce ,1.0,L,0.69,0.69,€
148,2023-05-12 18:26:22,mercearia, Bolachas de Aveia 0% AvenaCol Cuétara ,0.25,KG,2.99,11.96,€
149,2023-05-12 18:26:22,mercearia, Café Moagem Universal Organic Delta ,0.22,KG,4.79,21.77,€
150,2023-05-12 18:26:22,mercearia, Descafeinado Moagem Universal Delta ,0.22,KG,4.99,0.02,€
151,2023-05-12 18:26:22,mercearia, Pêssego em Calda Pingo Doce ,0.82,KG,2.29,2.79,€
152,2023-05-12 18:26:22,mercearia, Drageias de Morango Smint ,2.0,UN,3.99,2.0,€
153,2023-05-12 18:26:22,mercearia, Drageias de Eucalipto Smint ,0.035,KG,2.29,65.43,€
154,2023-05-12 18:26:22,mercearia, Caramelos Rainbow Mentos - Pack 3 ,0.114,KG,2.39,20.96,€
155,2023-05-12 18:26:22,mercearia, Caramelos Frutas Mentos - Pack 3 ,0.114,KG,2.39,20.96,€
156,2023-05-12 18:26:22,mercearia, Molho Inglês Lea Perrins ,0.15,L,4.99,33.27,€
157,2023-05-12 18:26:22,mercearia, Café Grão Lote Chávena Delta ,1.0,KG,13.99,13.99,€
158,2023-05-12 18:26:22,mercearia, Mistura Ibérica Torrada Moída Delta ,0.25,KG,2.29,9.16,€
159,2023-05-12 18:26:22,mercearia, Mistura Peninsular Torrada Moída Delta ,0.25,KG,1.89,7.56,€
160,2023-05-12 18:26:22,mercearia, Cevada Torrada Moída Delta ,0.25,KG,0.99,3.96,€
161,2023-05-12 18:26:22,mercearia, Pastilha Elástica Frutos Vermelhos Big Bottle Full Fruit Mentos ,0.06,KG,2.94,49.0,€
162,2023-05-12 18:26:22,mercearia, Mel de Portugal com Doseador Serramel ,0.5,KG,6.19,12.38,€
163,2023-05-12 18:26:22,mercearia, Azeitona Verde Retalhada Pingo Doce ,0.56,KG,2.99,5.34,€
164,2023-05-12 18:26:22,mercearia, Nata para Café Président ,10.0,UN,1.15,0.11,€
165,2023-05-12 18:26:22,mercearia, Gelatina Frutos do Bosque Condi ,0.17,KG,1.89,11.12,€
166,2023-05-12 18:26:22,mercearia, Gelatina Mirtilo Condi ,0.17,KG,1.89,11.12,€
167,2023-05-12 18:26:22,mercearia, Bolsa 100% Frutas e Chia Pingo Doce ,0.12,KG,0.89,7.42,€
168,2023-05-12 18:26:22,mercearia, Mini Wraps de Trigo Koala ,0.26,KG,2.19,8.42,€
169,2023-05-12 18:26:22,mercearia, Gelatina Amora Condi ,0.17,KG,1.89,11.12,€
170,2023-05-12 18:26:22,mercearia, Gelatina Vegetal Manga Condi ,0.18,KG,2.44,13.56,€
171,2023-05-12 18:26:22,mercearia, Tomate em Pedaços com Orégãos e Manjericão Pingo Doce ,0.39,KG,0.99,2.54,€
172,2023-05-12 18:26:22,mercearia, Gelatina Maracujá Condi ,0.17,KG,1.89,11.12,€
173,2023-05-12 18:26:22,mercearia, Gelatina Tutti Frutti Condi ,0.17,KG,1.89,11.12,€
174,2023-05-12 18:26:22,mercearia, Gelatina Morango Condi ,0.17,KG,1.89,11.12,€
175,2023-05-12 18:26:22,mercearia, Gelatina Pêssego Condi ,0.17,KG,1.89,11.12,€
176,2023-05-12 18:26:22,mercearia, Gelatina Ananás Condi ,0.17,KG,1.89,11.12,€
177,2023-05-12 18:26:22,mercearia, Sal Grosso em Balde Vatel ,0.8,KG,1.19,1.49,€
178,2023-05-12 18:26:22,mercearia, Fermento de Padeiro sem Glúten Condi ,0.044,KG,1.79,40.68,€
179,2023-05-12 18:26:22,mercearia, Gelatina Vegetal Morango Condi ,0.18,KG,2.44,13.56,€
180,2023-05-12 18:26:22,mercearia, Gelatina de Tangerina Condi ,0.17,KG,1.89,10.99,€
181,2023-05-12 18:26:22,mercearia, Tremoços 13/15 Pingo Doce ,0.8,KG,2.99,3.74,€
182,2023-05-12 18:26:22,mercearia, Sêmola de Milho sem Glúten Ceifeira ,0.5,KG,0.69,1.38,€
183,2023-05-12 18:26:22,mercearia, Puré de Fruta Maçã Pêra Blédina ,0.76,KG,5.09,6.7,€
184,2023-05-12 18:26:22,mercearia, Puré de Fruta Maçã e Banana Blédina ,0.76,KG,5.09,6.7,€
185,2023-05-12 18:26:22,mercearia, Tremoços Picantes Maçarico ,0.15,KG,1.99,12.84,€
186,2023-05-12 18:26:22,mercearia, Snack de Manga Soft Frubis ,0.05,KG,1.19,23.8,€
187,2023-05-12 18:26:22,mercearia, Snack de Abacaxi Soft Frubis ,0.05,KG,1.19,23.8,€
188,2023-05-12 18:26:22,mercearia, Truffas com Ovos Moles ,0.12,KG,3.49,29.08,€
189,2023-05-12 18:26:22,mercearia, Bolachas com Recheio de Cacau Pingo Doce ,0.5,KG,1.59,3.18,€
190,2023-05-12 18:26:22,mercearia, Drageias de Frutos Silvestres Smint ,0.035,KG,2.29,65.43,€
191,2023-05-12 18:26:22,mercearia, Sal Grosso Vatel ,1.0,KG,0.49,0.49,€
192,2023-05-12 18:26:22,mercearia, Pastilha Elástica de Spearmint Pingo Doce ,0.022,KG,0.63,28.64,€
193,2023-05-12 18:26:22,mercearia, Pastilha Elástica Morango Bubbaloo ,0.038,KG,0.6,15.79,€
194,2023-05-12 18:26:22,mercearia, Alcaparras em Vinagre Maçarico ,0.125,KG,2.79,22.32,€
195,2023-05-12 18:26:22,mercearia, Molho Indiano Sweet Chutney de Manga Pataks ,0.34,KG,4.79,14.09,€
196,2023-05-12 18:26:22,mercearia, Molho Indiano Butter Chicken Pataks ,0.45,KG,3.89,8.64,€
197,2023-05-12 18:26:22,mercearia, Drageias de Peppermint Smint ,0.035,KG,2.29,65.43,€
198,2023-05-12 18:26:22,mercearia, Molho Indiano Tikka Masala com Tomate Cremoso Pataks ,0.45,KG,3.89,8.64,€
199,2023-05-12 18:26:22,mercearia, Pastilha Elástica Fruit Frutos Silvestres Trident ,0.0145,KG,0.99,68.28,€
200,2023-05-12 18:26:22,mercearia, Pastilha Elástica Max Watermelon Frost Trident ,0.06,KG,2.79,46.5,€
201,2023-05-12 18:26:22,mercearia, Bolachas Recheadas com Morango Barquette Lu ,0.12,KG,2.29,19.08,€
202,2023-05-12 18:26:22,mercearia, Ervilhas Pingo Doce ,0.42,KG,0.78,1.86,€
203,2023-05-12 18:26:22,mercearia, Pastilha Elástica 60 Minutos Spearmint Trident ,0.06,KG,2.79,46.5,€
204,2023-05-12 18:26:22,mercearia, Batatas Fritas Onduladas Pingo Doce - Pack 4 ,0.18,KG,1.49,8.28,€
205,2023-05-12 18:26:22,mercearia, Bolachas Cracker Clássicas Tuc ,0.031,KG,0.89,28.71,€
206,2023-05-12 18:26:22,mercearia, Pastilha Elástica Melão Melancia Trident ,0.0145,KG,0.99,68.28,€
207,2023-05-12 18:26:22,mercearia, Pastilha Elástica Senses Spearmint Trident ,0.023,KG,0.99,43.04,€
208,2023-05-12 18:26:22,mercearia, Pastilha Elástica Extreme Mentol Trident ,0.014,KG,0.99,70.71,€
209,2023-05-12 18:26:22,mercearia, Pastilha Elástica Max II Framboesa Limão Trident ,0.023,KG,0.99,43.04,€
210,2023-05-12 18:26:22,mercearia, Pastilha Elástica Max II Spearmint Trident ,0.023,KG,0.99,43.04,€
211,2023-05-12 18:26:22,mercearia, Pastilha Elástica Morango Max Splash Trident ,0.066,KG,2.79,42.27,€
212,2023-05-12 18:26:22,mercearia, Pastilha Elástica Max Strawberry Trident ,0.022,KG,1.09,49.55,€
213,2023-05-12 18:26:22,mercearia, Pastilha Elástica Menta Verde Pure Fresh Mentos ,0.03,KG,1.84,61.33,€
214,2023-05-12 18:26:22,mercearia, Mostarda com Grãos Pingo Doce ,0.19,KG,1.39,7.32,€
215,2023-05-12 18:26:22,mercearia, Polpa de Maracujá Pingo Doce ,0.565,KG,3.29,5.82,€
216,2023-05-12 18:26:22,mercearia, Drageias de Limão Smint ,0.035,KG,2.29,65.43,€
217,2023-05-12 18:26:22,mercearia, Rebuçados de Mel e Limão Halls ,0.032,KG,0.94,29.37,€
218,2023-05-12 18:26:22,mercearia, Rebuçados de Eucalipto Halls ,0.032,KG,0.94,29.37,€
219,2023-05-12 18:26:22,mercearia, Pastilha Elástica Fresh Peppermint Trident ,0.0145,KG,0.99,68.28,€
220,2023-05-12 18:26:22,mercearia, Pastilha Elástica Fresh Spearmint Trident ,0.0145,KG,0.99,68.28,€
221,2023-05-12 18:26:22,mercearia, Pastilha Elástica Fruit Morango Trident ,0.0145,KG,0.99,68.28,€
222,2023-05-12 18:26:22,mercearia, Tomate Pelado Inteiro Pingo Doce ,0.78,KG,1.29,1.65,€
223,2023-05-12 18:26:22,mercearia, Caramelos Menta Mentos ,0.038,KG,0.89,23.42,€
224,2023-05-12 18:26:22,mercearia, Chupa-Chupa Crazy Dips Morango Chups ,1.0,UN,0.69,0.69,€
225,2023-05-12 18:26:22,mercearia, Pastilha Elástica 60 Minutos Trident ,0.02,KG,1.09,54.5,€
226,2023-05-12 18:26:22,mercearia, Pastilha Elástica Menta Big Bottle Fresh Mentos ,0.06,KG,2.94,49.0,€
227,2023-05-12 18:26:22,mercearia, Rebuçados Extra Strong Halls ,0.032,KG,0.94,29.37,€
228,2023-05-12 18:26:22,mercearia, Pepinos com Coentros Hengstenberg ,0.67,KG,3.49,5.21,€
229,2023-05-12 18:26:22,mercearia, Molho Pesto Alla Calabrese Pingo Doce ,0.19,KG,1.69,8.89,€
230,2023-05-12 18:26:22,mercearia, Rebuçados Peitorais de Alteia e Mel Nazaré ,0.25,KG,2.09,8.36,€
231,2023-05-12 18:26:22,mercearia, Marshmallows Gomamix Pingo Doce ,0.2,KG,1.24,6.2,€
232,2023-05-12 18:26:22,mercearia, Gressinos com Azeite Pingo Doce ,0.25,KG,1.99,7.96,€
233,2023-05-12 18:26:22,mercearia, Gressinos com Azeitonas Pretas Pingo Doce ,0.25,KG,1.99,7.96,€
234,2023-05-12 18:26:22,mercearia, Rebuçados Caramelos e Fruta Nazaré ,0.25,KG,2.39,9.56,€
235,2023-05-12 18:26:22,mercearia, Pastilha Elástica Menta Pure Fresh Mentos ,0.03,KG,1.84,61.33,€
236,2023-05-12 18:26:22,mercearia, Fermento em Pó Pingo Doce ,0.15,KG,1.39,9.27,€
237,2023-05-12 18:26:22,mercearia, Cereais Bran Flakes Pingo Doce ,0.375,KG,1.59,4.24,€
238,2023-05-12 18:26:22,mercearia, Conjunto de Doces Miniaturas Casa da Prisca ,0.09,KG,2.49,27.67,€
239,2023-05-12 18:26:22,mercearia, Mousse de Pato com Pimenta Preta Pingo Doce ,0.08,KG,1.39,17.38,€
240,2023-05-12 18:26:22,mercearia, Tablete de Chocolate Leite com Cereais Inteiras Pingo Doce ,0.1,KG,0.69,6.9,€
241,2023-05-12 18:26:22,mercearia, Cereais Linha de Frutos Vermelhos Pingo Doce ,0.3,KG,2.19,7.3,€
242,2023-05-12 18:26:22,mercearia, Bolachas Integrais Pingo Doce - 4 un ,0.2,KG,1.19,5.95,€
243,2023-05-12 18:26:22,mercearia, Bolachas com Recheio Oreo ,0.066,KG,0.99,15.0,€
244,2023-05-12 18:26:22,mercearia, Bolachas Princesa Original Artiach - 4 un ,0.12,KG,1.89,15.75,€
245,2023-05-12 18:26:22,mercearia, Bolachas Maria Dourada Pingo Doce - 4 un ,0.8,KG,1.99,2.49,€
246,2023-05-12 18:26:22,mercearia, Snack de Ervilhas Queijo e Aneto Snatt's ,0.095,KG,1.59,1.67,€
247,2023-05-12 18:26:22,mercearia, Mistura de Ervas Aromáticas para Carnes Margão ,0.024,KG,3.29,137.08,€
248,2023-05-12 18:26:22,mercearia, Chocolate Preto 72% Pingo Doce ,0.2,KG,1.79,8.95,€
249,2023-05-12 18:26:22,mercearia, Tablete de Chocolate de Leite com Amêndoas Caramelizadas Pingo Doce ,0.2,KG,1.79,8.95,€
250,2023-05-12 18:26:22,mercearia, Bolachas Maria Pingo Doce - 4 un ,0.8,KG,1.89,2.36,€
251,2023-05-12 18:26:22,mercearia, Bolachas Torradas Pingo Doce - 4 un ,0.8,KG,1.79,2.24,€
252,2023-05-12 18:26:22,mercearia, Bolachas Tostadas Pingo Doce - 4 un ,0.8,KG,1.79,2.24,€
253,2023-05-12 18:26:22,mercearia, Tomate Triturado Pingo Doce ,0.5,KG,1.09,2.18,€
254,2023-05-12 18:26:22,mercearia, Bolachas Digestive Pingo Doce ,0.4,KG,1.25,3.13,€
255,2023-05-12 18:26:22,mercearia, Azeitonas Verdes com Pimentos Cantoliva ,0.3,KG,2.59,8.63,€
256,2023-05-12 18:26:22,mercearia, Azeitonas Mistas com Orégãos Cantoliva ,0.3,KG,1.79,5.97,€
257,2023-05-12 18:26:22,mercearia, Azeitonas Pretas Oxidadas Cantoliva ,0.5,KG,2.99,5.98,€
258,2023-05-12 18:26:22,mercearia, Azeitonas Mistas com Azeite Cantoliva ,0.3,KG,2.44,8.13,€
259,2023-05-12 18:26:22,mercearia, Barras de Chocolate Kinder ,4.0,UN,1.19,0.3,€
260,2023-05-12 18:26:22,mercearia, Vinha D'Alhos Quinta D'Avó ,0.2,KG,1.99,9.95,€
261,2023-05-12 18:26:22,mercearia, Vinagre de Vinho Tinto Pingo Doce ,0.5,L,0.49,0.98,€
262,2023-05-12 18:26:22,mercearia, Bolachas Palmiers Palmi Kids Du Bois - 2 un ,0.1,KG,1.14,11.4,€
263,2023-05-12 18:26:22,mercearia, Jindungo com Azeite Quinta D´Avó ,0.085,KG,3.59,42.24,€
264,2023-05-12 18:26:22,mercearia, Canela em Pau Pingo Doce ,0.03,KG,0.89,29.67,€
265,2023-05-12 18:26:22,mercearia, Filetes de Anchovas em Óleo Vegetal General ,0.04,KG,2.19,54.75,€
266,2023-05-12 18:26:22,mercearia, Molho Picante Tabasco ,0.06,L,3.19,53.17,€
267,2023-05-12 18:26:22,mercearia, Bolachas Crackers Azeite e Rosmaninho Du Bois de la Roche - 8 un ,0.2,KG,2.19,10.95,€
268,2023-05-12 18:26:22,mercearia, Palitos de Champanhe Boudoirs ,0.2,KG,2.44,12.2,€
269,2023-05-12 18:26:22,mercearia, Biscoito Folhado Feuilletine Du Bois De La Roche ,0.135,KG,1.79,13.26,€
270,2023-05-12 18:26:22,mercearia, Massa de Pimentão Quinta d'Avó ,0.2,KG,1.74,8.7,€
271,2023-05-12 18:26:22,mercearia, Massa Alho Quinta D'avó ,0.2,KG,2.09,10.45,€
272,2023-05-12 18:26:22,mercearia, Chocolate em Pó 50% Cacau Jerónimos ,0.125,KG,1.39,11.12,€
273,2023-05-12 18:26:22,mercearia, Piri-Piri Jerónimos ,0.18,L,1.65,9.17,€
274,2023-05-12 18:26:22,mercearia, Bolachas Crackers com Sal na Superfície Du Bois de la Roche - 20 un ,0.5,KG,3.29,6.58,€
275,2023-05-12 18:26:22,mercearia, Chocolate Sombrinhas Regina ,0.015,KG,0.74,49.33,€
276,2023-05-12 18:26:22,mercearia, Molho Piri Piri Preparado Timorense Quinta D´Avó ,0.2,KG,2.09,10.45,€
277,2023-05-12 18:26:22,mercearia, Batatas Fritas Palha Pála-Pála ,0.17,KG,1.99,11.71,€
278,2023-05-12 18:26:22,mercearia, Chocolate Pintarolas Tubo ,0.022,KG,0.69,31.36,€
279,2023-05-12 18:26:22,mercearia, Rebuçados Cara Choco Caramelo e Chocolate Lutti ,0.15,KG,2.69,17.93,€
280,2023-05-12 18:26:22,mercearia, Sombrinhas de Chocolate Peppa Pig Lacasa ,0.05,KG,2.69,53.8,€
281,2023-05-12 18:26:22,mercearia, Espargos Brancos Pingo Doce ,0.33,KG,1.99,6.03,€
282,2023-05-12 18:26:22,mercearia, Bolachas Fruits Espelta e Banana Leibniz ,0.1,KG,2.89,28.9,€
283,2023-05-12 18:26:22,mercearia, Batatas Fritas Rodelas Pála-Pála ,0.18,KG,1.99,11.06,€
284,2023-05-12 18:26:22,mercearia, Bolachas Choco Leibniz Chocolate Negro Bahlsen ,0.125,KG,2.49,19.92,€
285,2023-05-12 18:26:22,mercearia, Palmiers Maçã e Canela Du Bois de la Roche ,0.15,KG,1.49,9.93,€
286,2023-05-12 18:26:22,mercearia, Massa de Pimentão Quinta da Avó ,0.38,KG,2.69,7.08,€
287,2023-05-12 18:26:22,mercearia, Taças de Bolacha Tulipas Progelcone ,6.0,UN,2.29,0.38,€
288,2023-05-12 18:26:22,mercearia, Cones Bolacha Baunilha Progelcone ,10.0,UN,1.99,0.2,€
289,2023-05-12 18:26:22,mercearia, Bolachas Waffletten Dark Bahlsen ,0.1,KG,2.49,24.9,€
290,2023-05-12 18:26:22,mercearia, Piri Piri de Portugal Quinta D' Avó ,0.095,L,1.29,13.58,€
291,2023-05-12 18:26:22,mercearia, Bolachas de Amêndoa Anna's ,0.15,KG,2.74,18.27,€
292,2023-05-12 18:26:22,mercearia, Bolacha Laranja Thins Fin Anna's ,0.15,KG,2.74,18.27,€
293,2023-05-12 18:26:22,mercearia, Bolacha Cappuccino Thins Fin Anna's ,0.15,KG,2.74,18.27,€
294,2023-05-12 18:26:22,mercearia, Bolacha Gengibre Thins Fin Anna's ,0.15,KG,2.74,18.27,€
295,2023-05-12 18:26:22,mercearia, Piri Piri Extra Forte Quinta D' Avó ,0.09,KG,1.29,14.33,€
296,2023-05-12 18:26:22,mercearia, Tempero para Carne de Porco Quinta D'Avó ,0.2,KG,1.89,9.45,€
297,2023-05-12 18:26:22,mercearia, Palmiers Folhados Caramelizados Du Bois de La Roche ,0.15,KG,1.49,9.93,€
298,2023-05-12 18:26:22,mercearia, Base para Panquecas Pangudi ,0.2,KG,2.69,13.45,€
299,2023-05-12 18:26:22,mercearia, Bolachas Zoo Original Leibniz ,0.125,KG,2.09,16.72,€
300,2023-05-12 18:26:22,mercearia, Bolachas Fruits Espelta e Maçã Leibniz ,0.1,KG,2.89,28.9,€
301,2023-05-12 18:26:22,mercearia, Bolachas de Chocolate e Caramelo Mars ,0.162,KG,3.89,24.01,€
302,2023-05-12 18:26:22,mercearia, Bolachas de Chocolate Recheadas Cards Kinder ,0.128,KG,2.64,20.63,€
303,2023-05-12 18:26:22,mercearia, Bolachas Crackers com Arroz Tufado Du Bois de la Roche - 8 un ,0.24,KG,2.74,11.42,€
304,2023-05-12 18:26:22,mercearia, Bolachas de Aveia Chocolate Negro e Laranja Nairn's ,0.2,KG,2.39,11.95,€
305,2023-05-12 18:26:22,mercearia, Drageias de Chocolate com Amendoim Original Conguitos ,0.09,KG,1.59,17.67,€
306,2023-05-12 18:26:22,mercearia, Chocolate Crunchie Cadbury ,0.04,KG,1.05,26.25,€
307,2023-05-12 18:26:22,mercearia, Bolachas Cobertura de Chocolate Leibniz Bahlsen ,0.125,KG,2.49,19.92,€
308,2023-05-12 18:26:22,mercearia, Bolachas Recheadas Deloba Bahlsen ,0.1,KG,2.09,20.9,€
309,2023-05-12 18:26:22,mercearia, Chocolate White Bueno Kinder ,0.039,KG,1.15,29.49,€
310,2023-05-12 18:26:22,mercearia, Aperitivo Brezel Saltlets Mini Lorenz ,0.15,KG,2.49,16.6,€
311,2023-05-12 18:26:22,mercearia, Chocolate Fruit & Nuts Cadbury ,0.049,KG,1.05,21.43,€
312,2023-05-12 18:26:22,mercearia, Chocolate Dairymilk Cadbury ,0.045,KG,1.05,23.33,€
313,2023-05-12 18:26:22,mercearia, Açúcar Branco com Stevia Pastelaria Sidul ,0.5,KG,2.07,4.14,€
314,2023-05-12 18:26:22,mercearia, Tortilla Chips Sabor Barbecue Mister Free'd ,0.135,KG,2.49,18.44,€
315,2023-05-12 18:26:22,mercearia, Barras de Cereais e Amêndoa Chocolate Sal Marinho Croffee ,3.0,UN,2.69,0.9,€
316,2023-05-12 18:26:22,mercearia, Barras de Cereais e Caramelo Salgado Croffee ,5.0,UN,2.69,0.54,€
317,2023-05-12 18:26:22,mercearia, Açúcar Mascavado Saquetas Sidul ,0.6,KG,3.59,5.98,€
318,2023-05-12 18:26:22,mercearia, Bolo de Chocolate Délice Kinder - 4 un ,4.0,UN,2.49,0.62,€
319,2023-05-12 18:26:22,mercearia, Gomas Sortidas Interdoces ,0.2,KG,1.99,9.95,€
320,2023-05-12 18:26:22,mercearia, Barra de Amendoins e Avelãs Pingo Doce ,0.035,KG,0.69,19.71,€
321,2023-05-12 18:26:22,mercearia, Chocolate e Caramelo Cadbury ,0.045,KG,1.05,23.33,€
322,2023-05-12 18:26:22,mercearia, Açúcar Demerara Saquetas RAR ,0.3,KG,2.19,7.3,€
323,2023-05-12 18:26:22,mercearia, Açúcar Branco Saquetas Sidul ,50.0,UN,1.58,0.03,€
324,2023-05-12 18:26:22,mercearia, Açúcar Mascavado Saquetas Sidul ,50.0,UN,1.95,0.04,€
325,2023-05-12 18:26:22,mercearia, Snack B-ready Nutella ,0.045,KG,1.19,26.44,€
326,2023-05-12 18:26:22,mercearia, Aperitivo Chips Hummus com Sal Eat Real ,0.135,KG,2.65,19.63,€
327,2023-05-12 18:26:22,mercearia, Barras de Frutos Secos com sementes de Sésamo e Mel Pingo Doce ,0.15,KG,1.99,13.27,€
328,2023-05-12 18:26:22,mercearia, Gomas Sortidas Ácidas Interdoces ,0.5,KG,4.44,8.88,€
329,2023-05-12 18:26:22,mercearia, Gomas Sortidas com Açúcar Interdoces ,0.5,KG,4.44,8.88,€
330,2023-05-12 18:26:22,mercearia, Snack de Coco Frubis ,0.02,KG,0.79,39.5,€
331,2023-05-12 18:26:22,mercearia, Chocolate Extra Noir Regina ,0.02,KG,0.69,34.5,€
332,2023-05-12 18:26:22,mercearia, Chocolate Go! Nutella ,0.052,KG,1.39,26.73,€
333,2023-05-12 18:26:22,mercearia, Mostarda com Mel Top Down Heinz ,0.22,KG,2.99,12.46,€
334,2023-05-12 18:26:22,mercearia, Chocolate Bueno Kinder ,0.043,KG,1.15,26.74,€
335,2023-05-12 18:26:22,mercearia, Batatas Fritas Palha Pingo Doce ,0.2,KG,1.09,5.45,€
336,2023-05-12 18:26:22,mercearia, Açúcar Amarelo RAR ,1.0,KG,1.89,1.89,€
337,2023-05-12 18:26:22,mercearia, Batatas Fritas Receita Rústica Pingo Doce ,0.15,KG,0.99,6.6,€
338,2023-05-12 18:26:22,mercearia, Infusão Detox Ahmad ,20.0,UN,3.49,0.17,€
339,2023-05-12 18:26:22,mercearia, Infusão Limão e Gengibre Ahmad ,20.0,UN,3.49,0.17,€
340,2023-05-12 18:26:22,mercearia, Chá Branco Bio Cupper ,20.0,UN,3.99,0.2,€
341,2023-05-12 18:26:22,mercearia, Infusão de Camomila Bio Cupper ,20.0,UN,2.69,0.13,€
342,2023-05-12 18:26:22,mercearia, Infusão de Limão e Gengibre Bio Cupper ,20.0,UN,3.74,0.19,€
343,2023-05-12 18:26:22,mercearia, Infusão Depur Bio Cupper ,20.0,UN,3.84,0.19,€
344,2023-05-12 18:26:22,mercearia, Chá Early Grey Bio Cupper ,20.0,UN,3.99,0.2,€
345,2023-05-12 18:26:22,mercearia, Chá English Breakfast Bio Cupper ,20.0,UN,3.99,0.2,€
346,2023-05-12 18:26:22,mercearia, Café Solúvel em Saquetas Delta ,10.0,UN,1.29,0.13,€
347,2023-05-12 18:26:22,mercearia, Infusão Cidreira Pingo Doce ,25.0,UN,0.95,0.04,€
348,2023-05-12 18:26:22,mercearia, Infusão Camomila Pingo Doce ,25.0,UN,0.79,0.03,€
349,2023-05-12 18:26:22,mercearia, Chá Verde Gorrena ,20.0,UN,1.99,0.1,€
350,2023-05-12 18:26:22,mercearia, Tomate Triturado Pingo Doce ,0.39,KG,0.69,1.77,€
351,2023-05-12 18:26:22,mercearia, Filtros para Café Nº4 Silvex ,100.0,UN,3.39,0.03,€
352,2023-05-12 18:26:22,mercearia, Tremoços em Frasco Pingo Doce ,0.35,KG,0.99,2.83,€
353,2023-05-12 18:26:22,mercearia, Filtros para Café Nº2 Silvex ,100.0,UN,3.39,0.03,€
354,2023-05-12 18:26:22,mercearia, Gressinos Finos e Crocantes Pingo Doce ,0.25,KG,1.59,6.36,€
355,2023-05-12 18:26:22,mercearia, Gomas Spaghetti Morango Haribo ,0.075,KG,1.29,17.2,€
356,2023-05-12 18:26:22,mercearia, Mostarda Top Down Pingo Doce ,0.2,KG,0.99,4.95,€
357,2023-05-12 18:26:22,mercearia, Gomas Sortidas Funky Mix Haribo ,0.1,KG,1.29,12.9,€
358,2023-05-12 18:26:22,mercearia, Tablete de Chocolate Branco Lindor Lindt ,0.1,KG,2.99,29.9,€
359,2023-05-12 18:26:22,mercearia, Gomas Ositos de Oro Haribo ,0.075,KG,1.09,14.53,€
360,2023-05-12 18:26:22,mercearia, Mousse de Pato com Ervas Finas Pingo Doce ,0.08,KG,1.39,17.38,€
361,2023-05-12 18:26:22,mercearia, Gomas Favoritos Red Pica com Açúcar Haribo ,0.09,KG,1.29,14.33,€
362,2023-05-12 18:26:22,mercearia, Gomas Sortidas Starmix Haribo ,0.09,KG,1.29,14.33,€
363,2023-05-12 18:26:22,mercearia, Tablete de Chocolate Branco Pingo Doce ,0.1,KG,0.79,7.9,€
364,2023-05-12 18:26:22,mercearia, Mix Especiarias para Carnes Pingo Doce ,0.02,KG,1.19,59.5,€
365,2023-05-12 18:26:22,mercearia, Molho de Soja Pingo Doce ,0.2,L,0.99,4.95,€
366,2023-05-12 18:26:22,mercearia, Bolachas Línguas de Gato Pingo Doce ,0.2,KG,0.79,3.95,€
367,2023-05-12 18:26:22,mercearia, Gengibre Moído Pingo Doce ,0.026,KG,0.99,38.08,€
368,2023-05-12 18:26:22,mercearia, Gomas Mega Roulette Haribo ,0.045,KG,1.14,25.33,€
369,2023-05-12 18:26:22,mercearia, Sopa Rabo de Boi Pingo Doce ,0.074,KG,0.89,12.03,€
370,2023-05-12 18:26:22,mercearia, Puré de Maçã e Pêra Pom´bel ,0.4,KG,2.59,6.48,€
371,2023-05-12 18:26:22,mercearia, Puré de Maçã Pom´bel ,0.4,KG,2.59,6.48,€
372,2023-05-12 18:26:22,mercearia, Puré de Maçã e Manga Pom´bel ,0.4,KG,2.59,6.48,€
373,2023-05-12 18:26:22,mercearia, Puré de Maçã Morango e Banana Pom´bel ,0.4,KG,2.59,6.48,€
374,2023-05-12 18:26:22,mercearia, Açúcar Branco Saquetas RAR ,100.0,UN,1.25,0.01,€
375,2023-05-12 18:26:22,mercearia, Adoçante Edulcor ,1200.0,UN,2.19,0.0,€
376,2023-05-12 18:26:22,mercearia, Caramelos Fruta Mentos ,0.038,KG,0.69,18.16,€
377,2023-05-12 18:26:22,mercearia, Molho de Vinagrete com Vinagre Balsâmico e Mel Pingo Doce ,0.245,L,1.39,5.67,€
378,2023-05-12 18:26:22,mercearia, Polpa de Tomate Pingo Doce ,1.0,L,1.79,1.79,€
379,2023-05-12 18:26:22,mercearia, Batatas Fritas em Azeite Pingo Doce ,0.15,KG,1.19,7.93,€
380,2023-05-12 18:26:22,mercearia, Tempero no Forno Alho e Cebola Pingo Doce ,0.036,KG,0.99,27.5,€
381,2023-05-12 18:26:22,mercearia, Pêssego em Calda Tripack Pingo Doce ,0.6,KG,2.35,3.92,€
382,2023-05-12 18:26:22,mercearia, Café Moído Vietname Pingo Doce ,0.2,KG,1.99,9.95,€
383,2023-05-12 18:26:22,mercearia, Tempero no Forno Ervas Aromáticas Pingo Doce ,0.034,KG,0.99,29.12,€
384,2023-05-12 18:26:22,mercearia, Drageias Fruits Skittles ,0.038,KG,0.99,26.05,€
385,2023-05-12 18:26:22,mercearia, Tostas com Passas Pingo Doce ,0.15,KG,1.59,10.6,€
386,2023-05-12 18:26:22,mercearia, Atum Posta Pimenta da Terra e Ervas Finas Bom Petisco ,0.12,KG,2.09,17.42,€
387,2023-05-12 18:26:22,mercearia, Atum Posta em Azeite Virgem Extra e Orégãos Bom Petisco. ,0.12,KG,2.09,17.42,€
388,2023-05-12 18:26:22,mercearia, Creme de Marisco Pingo Doce ,0.072,KG,0.89,12.36,€
389,2023-05-12 18:26:22,mercearia, Cogumelos Inteiros Pingo Doce ,0.555,KG,2.59,4.71,€
390,2023-05-12 18:26:22,mercearia, Bolachas Argolinhas de Chocolate Negro Pingo Doce ,0.15,KG,0.79,5.27,€
391,2023-05-12 18:26:22,mercearia, Bolachas Argolinhas de Chocolate Branco Pingo Doce ,0.15,KG,0.79,5.27,€
392,2023-05-12 18:26:22,mercearia, Bolachas Argolinhas de Chocolate de Leite Pingo Doce ,0.15,KG,0.79,5.27,€
393,2023-05-12 18:26:22,mercearia, Leite Condensado Pingo Doce ,0.397,KG,1.29,3.25,€
394,2023-05-12 18:26:22,mercearia, Feijão Frade Pingo Doce ,0.42,KG,0.84,2.0,€
395,2023-05-12 18:26:22,mercearia, Feijão Manteiga Pingo Doce ,0.42,KG,0.84,2.0,€
396,2023-05-12 18:26:22,mercearia, Feijão Branco Pingo Doce ,0.42,KG,0.84,2.0,€
397,2023-05-12 18:26:22,mercearia, Feijão Encarnado Pingo Doce ,0.42,KG,0.84,2.0,€
398,2023-05-12 18:26:22,mercearia, Feijão Frade Pingo Doce ,0.82,KG,1.19,1.45,€
399,2023-05-12 18:26:22,mercearia, Feijão Manteiga Pingo Doce ,0.82,KG,1.19,1.45,€
400,2023-05-12 18:26:22,mercearia, Feijão Branco Pingo Doce ,0.82,KG,1.19,1.45,€
401,2023-05-12 18:26:22,mercearia, Feijão Encarnado Pingo Doce ,0.82,KG,1.19,1.45,€
402,2023-05-12 18:26:22,mercearia, Canela Moída Bio Margão ,0.027,KG,4.29,158.89,€
403,2023-05-12 18:26:22,mercearia, Macedónia Jerónimos ,0.345,KG,1.49,4.32,€
404,2023-05-12 18:26:22,mercearia, Bolacha de Aveia Coco & Chia Nairn's ,0.2,KG,2.39,11.95,€
405,2023-05-12 18:26:22,mercearia, Atum Caril Bom Petisco ,0.12,KG,2.09,17.42,€
406,2023-05-12 18:26:22,mercearia, Maionese com Manjericão Top Down Pingo Doce ,0.25,L,1.49,5.96,€
407,2023-05-12 18:26:22,mercearia, Tablete de Chocolate com Recheio de Caramelo Pingo Doce ,0.1,KG,1.09,10.9,€
408,2023-05-12 18:26:22,mercearia, Tablete de Chocolate Negro com Recheio de Menta Pingo Doce ,0.096,KG,1.09,11.35,€
409,2023-05-12 18:26:22,mercearia, Maionese com Tomilho Baixo Teor de Sal Top Down Pingo Doce ,0.265,L,1.49,5.62,€
410,2023-05-12 18:26:22,mercearia, Bloco de Foie Gras de Pato Mi-Cuit Capdevila Senses ,0.04,KG,3.74,93.5,€
411,2023-05-12 18:26:22,mercearia, Feijão Manteiga Pingo Doce ,0.54,KG,0.89,1.65,€
412,2023-05-12 18:26:22,mercearia, Feijão Frade Pingo Doce ,0.54,KG,0.89,1.65,€
413,2023-05-12 18:26:22,mercearia, Feijão Encarnado Pingo Doce ,0.54,KG,0.89,1.65,€
414,2023-05-12 18:26:22,mercearia, Grão de Bico Cozido Pingo Doce ,0.54,KG,0.89,1.65,€
415,2023-05-12 18:26:22,mercearia, Feijão Branco Cozido Pingo Doce ,0.54,KG,0.89,1.65,€
416,2023-05-12 18:26:22,mercearia, Concentrado de Tomate Verdurini Mutti ,0.13,KG,1.99,15.31,€
417,2023-05-12 18:26:22,mercearia, Polpa Tomate com Manjericão Mutti ,0.4,KG,2.49,6.23,€
418,2023-05-12 18:26:22,mercearia, Polpa de Tomate Finamente Triturada com Alho Mutti ,0.4,KG,2.39,5.98,€
419,2023-05-12 18:26:22,mercearia, Passata de Tomate com Manjericão Fresco Mutti ,0.4,KG,2.39,5.98,€
420,2023-05-12 18:26:22,mercearia, Passata de Tomate Mutti ,0.4,KG,2.29,5.73,€
421,2023-05-12 18:26:22,mercearia, Tomate Cereja Mutti ,0.4,KG,2.29,5.73,€
422,2023-05-12 18:26:22,mercearia, Molho Aromatizado para Pizza Mutti ,0.4,KG,2.39,5.98,€
423,2023-05-12 18:26:22,mercearia, Tomate Pelado Biológico Mutti ,0.4,KG,2.59,6.48,€
424,2023-05-12 18:26:22,mercearia, Polpa de Tomate Pedaços Bio Mutti ,0.4,KG,2.59,6.48,€
425,2023-05-12 18:26:22,mercearia, Passata de Tomate Biológico Mutti ,0.56,KG,3.79,6.77,€
426,2023-05-12 18:26:22,mercearia, Patê de Pimenta Verde Capdevila ,0.055,KG,1.19,21.64,€
427,2023-05-12 18:26:22,mercearia, Patê de Pato com Porto Capdevila ,0.055,KG,1.19,21.64,€
428,2023-05-12 18:26:22,mercearia, Descafeinado Solúvel Pingo Doce ,10.0,UN,1.09,0.11,€
429,2023-05-12 18:26:22,mercearia, Bolsa de Fruta Multifrutos com Cereais sem Glúten Pingo Doce ,0.09,KG,0.74,8.22,€
430,2023-05-12 18:26:22,mercearia, Bolsa de Fruta Maçã Banana Pingo Doce ,0.09,KG,0.74,8.22,€
431,2023-05-12 18:26:22,mercearia, Bolsa de Fruta Pêra Pingo Doce ,0.09,KG,0.74,8.22,€
432,2023-05-12 18:26:22,mercearia, Bolsa de Fruta Multifrutos Pingo Doce ,0.09,KG,0.74,8.22,€
433,2023-05-12 18:26:22,mercearia, Bolsa de Fruta Pêra Maçã Pingo Doce ,0.09,KG,0.74,8.22,€
434,2023-05-12 18:26:22,mercearia, Bolsa de Fruta Maçã Manga Pêssego Pingo Doce ,0.09,KG,0.74,8.22,€
435,2023-05-12 18:26:22,mercearia, Bolsa de Fruta Morango Pêssego Pingo Doce ,0.09,KG,0.74,8.22,€
436,2023-05-12 18:26:22,mercearia, Bolsa de Fruta Maçã Banana Laranja Pingo Doce ,0.09,KG,0.74,8.22,€
437,2023-05-12 18:26:22,mercearia, Bolsa de Fruta Maçã Pingo Doce ,0.09,KG,0.74,8.22,€
438,2023-05-12 18:26:22,mercearia, Bolsa de Fruta Maçã Banana Laranja Bolacha Pingo Doce ,0.09,KG,0.74,8.22,€
439,2023-05-12 18:26:22,mercearia, Sal Iodado Marinho Pingo Doce ,1.0,KG,0.39,0.39,€
440,2023-05-12 18:26:22,mercearia, Cravinho Pingo Doce ,0.025,KG,1.14,45.6,€
441,2023-05-12 18:26:22,mercearia, Maionese Natura ,0.31,KG,2.99,9.65,€
442,2023-05-12 18:26:22,mercearia, Açúcar Branco Saquetas Sidul ,125.0,UN,1.99,0.02,€
443,2023-05-12 18:26:22,mercearia, Batatas Fritas Onduladas com Presunto Pingo Doce ,0.185,KG,1.36,7.35,€
444,2023-05-12 18:26:22,mercearia, Pimentos Vermelhos Pingo Doce ,0.65,KG,1.89,2.91,€
445,2023-05-12 18:26:22,mercearia, Pepino em Conserva Pingo Doce ,0.87,KG,1.89,2.17,€
446,2023-05-12 18:26:22,mercearia, Chocolate Beijos com Baunilha ,0.1,KG,1.14,11.4,€
447,2023-05-12 18:26:22,mercearia, Drops sem Açúcar Eucalipto Mentolin ,0.115,KG,2.59,22.52,€
448,2023-05-12 18:26:22,mercearia, Batatas Fritas Onduladas com Sal Pingo Doce ,0.2,KG,1.29,6.45,€
449,2023-05-12 18:26:22,mercearia, Rebuçados Limão e Cidreira Mentolin ,0.115,KG,2.59,22.52,€
450,2023-05-12 18:26:22,mercearia, Rebuçados Bals Mel e Mentol Mentolin ,0.115,KG,2.59,22.52,€
451,2023-05-12 18:26:22,mercearia, Vinagre Balsâmico Pingo Doce ,0.25,L,1.25,5.0,€
452,2023-05-12 18:26:22,mercearia, Café Solúvel Roastery Dark Gold Nescafé ,0.095,KG,7.99,84.11,€
453,2023-05-12 18:26:22,mercearia, Café Solúvel Roastery Light Gold Nescafé ,0.095,KG,7.99,84.11,€
454,2023-05-12 18:26:22,mercearia, Ananás em Rodelas Pingo Doce ,0.825,KG,2.19,2.65,€
455,2023-05-12 18:26:22,mercearia, Rebuçados Cream Heller ,0.135,KG,2.49,18.44,€
456,2023-05-12 18:26:22,mercearia, Rebuçados de Café e Nata Heller ,0.135,KG,2.49,18.44,€
457,2023-05-12 18:26:22,mercearia, Gelatina Vegetal de Coco Condi ,0.18,KG,2.44,13.56,€
458,2023-05-12 18:26:22,mercearia, Noodles de Frango Pingo Doce ,0.085,KG,0.59,6.94,€
459,2023-05-12 18:26:22,mercearia, Adoçante em Comprimidos Pingo Doce ,300.0,UN,1.49,0.0,€
460,2023-05-12 18:26:22,mercearia, Cereais de Aveia Bio Cheerios ,0.33,KG,4.49,13.61,€
461,2023-05-12 18:26:22,mercearia, Salada de Fruta em Calda Pingo Doce ,0.84,KG,2.49,2.96,€
462,2023-05-12 18:26:22,mercearia, Bolsa de Fruta Multifrutos com Aveia Pingo Doce ,0.09,KG,0.74,8.22,€
463,2023-05-12 18:26:22,mercearia, Bolachas de Chocolate de Leite Gerblé ,0.23,KG,2.79,12.13,€
464,2023-05-12 18:26:22,mercearia, Bolacjas de Sésamo Gerblé ,0.23,KG,2.79,12.13,€
465,2023-05-12 18:26:22,mercearia, Bolachas de Soja e Laranja Gerblé ,0.23,KG,2.79,12.13,€
466,2023-05-12 18:26:22,mercearia, Bolachas de Chocolate e Amêndoa Gerblé ,0.2,KG,2.79,13.95,€
467,2023-05-12 18:26:22,mercearia, Bolachas de Soja e Figo Gerblé ,0.27,KG,2.79,10.33,€
468,2023-05-12 18:26:22,mercearia, Chips de Quinoa Bio Gerblé ,0.07,KG,3.09,44.14,€
469,2023-05-12 18:26:22,mercearia, Chips de Lentilhas Bio Gerblé ,0.065,KG,3.09,47.54,€
470,2023-05-12 18:26:22,mercearia, Rebuçados Mini Mints Menta Halls ,0.0125,KG,1.29,103.2,€
471,2023-05-12 18:26:22,mercearia, Rebuçados de Cola + Cafeína Halls ,0.032,KG,0.94,29.37,€
472,2023-05-12 18:26:22,mercearia, Rebuçados Mini Mints Cítricos Halls ,0.0125,KG,1.29,107.5,€
473,2023-05-12 18:26:22,mercearia, Grão de Bico Pingo Doce ,0.82,KG,1.19,1.45,€
474,2023-05-12 18:26:22,mercearia, Feijão Preto Pingo Doce ,0.82,KG,1.19,1.45,€
475,2023-05-12 18:26:22,mercearia, Ovo de Chocolate Joy Kinder ,0.02,KG,1.45,72.5,€
476,2023-05-12 18:26:22,mercearia, Pastilha Elástica de Morango Super Gorila ,0.032,KG,0.64,20.0,€
477,2023-05-12 18:26:22,mercearia, Pastilha Elástica de Menta Super Gorila ,0.032,KG,0.64,20.0,€
478,2023-05-12 18:26:22,mercearia, Cereais Wild Nestlé Lion ,0.36,KG,4.49,12.47,€
479,2023-05-12 18:26:22,mercearia, Mostarda Top Down Paladin ,0.25,KG,1.99,7.96,€
480,2023-05-12 18:26:22,mercearia, Rebuçados Heller ,0.1,KG,1.14,11.4,€
481,2023-05-12 18:26:22,mercearia, Caramelos de Frutas Mix Villa ,0.2,KG,1.84,9.2,€
482,2023-05-12 18:26:22,mercearia, Bolachas Wafer Canudinhos Recheados Dalidoce ,0.3,KG,2.69,8.97,€
483,2023-05-12 18:26:22,mercearia, Wafers Cubi de Avelã Balconi ,0.25,KG,2.99,11.96,€
484,2023-05-12 18:26:22,mercearia, Doce de Framboesa Pingo Doce ,0.355,KG,1.99,5.61,€
485,2023-05-12 18:26:22,mercearia, Maionese Top Down Pingo Doce ,0.414,KG,1.99,4.81,€
486,2023-05-12 18:26:22,mercearia, Grão de Bico Pingo Doce ,0.42,KG,0.85,2.02,€
487,2023-05-12 18:26:22,mercearia, Mini Tortitas de Milho Bicentury ,0.1,KG,1.89,18.9,€
488,2023-05-12 18:26:22,mercearia, Tablete de Chocolate de Leite com Avelã Schogetten ,0.1,KG,1.09,10.9,€
489,2023-05-12 18:26:22,mercearia, Tablete de Chocolate Branco Schogetten ,0.1,KG,1.09,10.9,€
490,2023-05-12 18:26:22,mercearia, Noodles de Camarão Pingo Doce ,0.085,KG,0.59,6.94,€
491,2023-05-12 18:26:22,mercearia, Ovo de Chocolate Kinder ,0.02,KG,1.35,67.5,€
492,2023-05-12 18:26:22,mercearia, Leite Condensado Magro Pingo Doce ,0.397,KG,1.29,3.25,€
493,2023-05-12 18:26:22,mercearia, Tempero Sumo de Limão Pingo Doce ,0.2,L,0.59,2.95,€
494,2023-05-12 18:26:22,mercearia, Pastilha Elástica Sortido Gorila ,0.06,KG,1.17,19.5,€
495,2023-05-12 18:26:22,mercearia, Barras de Cereais de Trigo Integral com Leite Nestlé Golden Grahams ,12.0,UN,5.29,0.44,€
496,2023-05-12 18:26:22,mercearia, Caramelos de Nata Penha ,0.1,KG,1.5,15.0,€
497,2023-05-12 18:26:22,mercearia, Caramelos de Fruta Penha ,0.25,KG,2.99,11.96,€
498,2023-05-12 18:26:22,mercearia, Rebuçados Peitorais Villa ,0.2,KG,1.84,9.2,€
499,2023-05-12 18:26:22,mercearia, Chipotle Mistura Médio Margão ,0.046,KG,3.39,73.7,€
500,2023-05-12 18:26:22,mercearia, Sal e Ervas Aromáticas com Moinho Margão ,0.045,KG,4.49,99.78,€
501,2023-05-12 18:26:22,mercearia, Sal Marinho Grosso Iodado Vatel ,1.0,KG,0.99,0.99,€
502,2023-05-12 18:26:22,mercearia, Sopa Instantânea de Cebola Pingo Doce ,0.051,KG,0.89,17.45,€
503,2023-05-12 18:26:22,mercearia, Achocolatado em Pó Ovomaltine ,0.4,KG,6.84,17.1,€
504,2023-05-12 18:26:22,mercearia, Molho de Iogurte Pingo Doce ,0.245,L,1.39,5.67,€
505,2023-05-12 18:26:22,mercearia, Molho Pesto Pingo Doce ,0.19,KG,1.59,8.37,€
506,2023-05-12 18:26:22,mercearia, Mostarda Top Down Peninsular ,0.28,KG,0.99,3.54,€
507,2023-05-12 18:26:22,mercearia, Snack Tiras de Milho Original Fritos Matutano ,0.13,KG,1.99,15.31,€
508,2023-05-12 18:26:22,mercearia, Barras de Cereais Chocolate All Bran Kellogs ,0.24,KG,3.85,16.04,€
509,2023-05-12 18:26:22,mercearia, Tablete de Chocolate Negro 52% Cacau Lindt ,0.125,KG,2.99,23.92,€
510,2023-05-12 18:26:22,mercearia, Chocolate com Morango Regina ,0.02,KG,0.64,32.0,€
511,2023-05-12 18:26:22,mercearia, Chocolate com Ananás Regina ,0.02,KG,0.64,32.0,€
512,2023-05-12 18:26:22,mercearia, Chocolate com Laranja Regina ,0.02,KG,0.64,32.0,€
513,2023-05-12 18:26:22,mercearia, Chocolate Aroma Maracujá Regina ,0.02,KG,0.64,32.0,€
514,2023-05-12 18:26:22,mercearia, Tablete de Chocolate de Leite Lindor Lindt ,0.1,KG,2.99,29.9,€
515,2023-05-12 18:26:22,mercearia, Tablete de Chocolate Extra Negro Lindor Lindt ,0.1,KG,2.99,29.9,€
516,2023-05-12 18:26:22,mercearia, Tablete de Chocolate Licor Cognac Lindt ,0.1,KG,4.49,44.9,€
517,2023-05-12 18:26:22,mercearia, Tablete de Chocolate Licor Laranja Cointreau Lindt ,0.1,KG,4.49,44.9,€
518,2023-05-12 18:26:22,mercearia, Tablete de Chocolate com Licor Kirsch Lindt ,0.1,KG,4.49,44.9,€
519,2023-05-12 18:26:22,mercearia, Cereais Chocolocos Pingo Doce ,0.5,KG,1.89,3.78,€
520,2023-05-12 18:26:22,mercearia, Bolachas Salgadas Mini Pingo Doce ,0.35,KG,1.29,3.69,€
521,2023-05-12 18:26:22,mercearia, Vinagre Vinho Branco Peninsular ,0.75,L,0.87,1.16,€
522,2023-05-12 18:26:22,mercearia, Gomas Tubo Mágico Morango Interdoces ,0.1,KG,1.54,15.4,€
523,2023-05-12 18:26:22,mercearia, Bolsa de Fruta Multifrutas com Bolachas Hero Baby ,0.1,KG,0.99,9.9,€
524,2023-05-12 18:26:22,mercearia, Bolsa de Fruta 3 Frutas Hero Baby ,0.1,KG,0.99,9.9,€
525,2023-05-12 18:26:22,mercearia, Bolachinhas Animais para Bebé Solo Hero ,0.1,KG,2.89,28.9,€
526,2023-05-12 18:26:22,mercearia, Snack para Bebé Cenouras e Milho Solo Hero ,0.04,KG,2.39,59.75,€
527,2023-05-12 18:26:22,mercearia, Snack para Bebé Puffs de Milho e Aveia Solo Hero ,0.025,KG,1.89,75.6,€
528,2023-05-12 18:26:22,mercearia, Açúcar em Cubos Frutogal ,0.5,KG,3.65,7.3,€
529,2023-05-12 18:26:22,mercearia, Caramelo Líquido Pingo Doce ,0.4,KG,1.39,3.47,€
530,2023-05-12 18:26:22,mercearia, Marmelada Pingo Doce ,0.45,KG,1.49,3.31,€
531,2023-05-12 18:26:22,mercearia, Gomas Tiras Ácidas Interdoces ,0.15,KG,1.89,12.6,€
532,2023-05-12 18:26:22,mercearia, Bolachas de Chocolate M&M's ,0.18,KG,3.89,21.61,€
533,2023-05-12 18:26:22,mercearia, Sal de Mesa Pingo Doce ,0.25,KG,0.25,1.0,€
534,2023-05-12 18:26:22,mercearia, Café Cáspulas Boundi Intenso Nescafé Dolce Gusto ,64.0,UN,18.99,0.3,€
535,2023-05-12 18:26:22,mercearia, Café Cápsulas Ristretto Ardenza 11 Nescafé Dolce Gusto - Mega Pack ,64.0,UN,18.99,0.3,€
536,2023-05-12 18:26:22,mercearia, Café Cápsulas Buondi 8 Nescafé Dolce Gusto - Mega Pack ,64.0,UN,18.99,0.3,€
537,2023-05-12 18:26:22,mercearia, Batatas Fritas Light Pingo Doce ,0.15,KG,1.19,7.93,€
538,2023-05-12 18:26:22,mercearia, Cominhos Moídos Bio Margão ,0.03,KG,2.99,99.67,€
539,2023-05-12 18:26:22,mercearia, Mousse de Chocolate Pingo Doce ,0.15,KG,1.09,7.27,€
540,2023-05-12 18:26:22,mercearia, Torta com Recheio de Morango Pingo Doce ,0.3,KG,1.79,5.97,€
541,2023-05-12 18:26:22,mercearia, Bolachas Cracker sem Sal Pingo Doce - 14 un ,0.4998000000000001,KG,1.89,3.78,€
542,2023-05-12 18:26:22,mercearia, Alecrim Pingo Doce ,0.023,KG,0.99,43.04,€
543,2023-05-12 18:26:22,mercearia, Pimenta Preta Moída Pingo Doce ,0.044,KG,0.69,15.68,€
544,2023-05-12 18:26:22,mercearia, Molho para Salada Creme Italiano Remia ,0.25,L,2.29,9.16,€
545,2023-05-12 18:26:22,mercearia, Molho para Salada Italiano Remia ,0.25,L,2.29,9.16,€
546,2023-05-12 18:26:22,mercearia, Café Torrado Moído Moagem Universal Indonésia Delta ,0.22,KG,3.99,18.14,€
547,2023-05-12 18:26:22,mercearia, Beterraba Hengstenberg ,0.33,KG,2.26,6.85,€
548,2023-05-12 18:26:22,mercearia, Chá Colesterol Diese ,10.0,UN,1.44,0.14,€
549,2023-05-12 18:26:22,mercearia, Chá Sem Barriga Diese ,10.0,UN,1.44,0.14,€
550,2023-05-12 18:26:22,mercearia, Chá Boa Noite Diese ,10.0,UN,1.44,0.14,€
551,2023-05-12 18:26:22,mercearia, Salsichas Tipo Frankfurt Campesino - 8 un ,0.35,KG,0.84,2.4,€
552,2023-05-12 18:26:22,mercearia, Bolachas de Manteiga Walkers ,0.15,KG,3.99,26.6,€
553,2023-05-12 18:26:22,mercearia, Canela Moída Pingo Doce ,0.039,KG,0.49,12.56,€
554,2023-05-12 18:26:22,mercearia, Cappuccino Saquetas Pingo Doce ,10.0,UN,2.29,0.23,€
555,2023-05-12 18:26:22,mercearia, Caril Bio Margão ,0.036,KG,3.39,94.17,€
556,2023-05-12 18:26:22,mercearia, Pimentão Doce Bio Margão ,0.044,KG,2.99,67.95,€
557,2023-05-12 18:26:22,mercearia, Gengibre Moído Bio Margão ,0.032,KG,4.29,134.06,€
558,2023-05-12 18:26:22,mercearia, Cebolinho Bio Margão ,0.004,KG,2.69,672.5,€
559,2023-05-12 18:26:22,mercearia, Granulado Branco Cimarrom ,0.15,KG,2.19,14.6,€
560,2023-05-12 18:26:22,mercearia, Bolachas de Chocolate Mulata Moaçor ,0.175,KG,1.39,7.94,€
561,2023-05-12 18:26:22,mercearia, Barra de Cereais Caramelo e Nozes Protein Be Kind ,0.012,KG,2.49,207.5,€
562,2023-05-12 18:26:22,mercearia, Bolacha Waffer de Manteiga Snappy ,0.25,KG,1.44,5.76,€
563,2023-05-12 18:26:22,mercearia, Chocolate de Leite com Pedaços de Amêndoa Caramelizada Pingo Doce ,0.1,KG,1.29,12.9,€
564,2023-05-12 18:26:22,mercearia, Nachos com Sabor a Queijo Pingo Doce ,0.15,KG,1.19,7.93,€
565,2023-05-12 18:26:22,mercearia, Leite de Coco Thai Coco ,0.25,L,1.64,6.56,€
566,2023-05-12 18:26:22,mercearia, Drageias de Laranja e Menta Defensive Smint ,0.035,KG,2.29,65.43,€
567,2023-05-12 18:26:22,mercearia, Descafeinado Moagem Universal Pingo Doce ,0.25,KG,1.69,6.76,€
568,2023-05-12 18:26:22,mercearia, Batatas Fritas Onduladas Presunto Ruffles ,0.275,KG,3.29,11.96,€
569,2023-05-12 18:26:22,mercearia, Mostarda Paladin ,0.25,KG,1.65,6.6,€
570,2023-05-12 18:26:22,mercearia, Pastilha Elástica White Spearmint Trident ,0.0145,KG,0.99,68.28,€
571,2023-05-12 18:26:22,mercearia, Balachas Wafer Chocolate Snappy ,0.25,KG,1.44,5.76,€
572,2023-05-12 18:26:22,mercearia, Molho para Pizza Cirio ,0.4,KG,2.09,5.23,€
573,2023-05-12 18:26:22,mercearia, Molho de Cocktail Pingo Doce ,0.25,L,1.49,5.96,€
574,2023-05-12 18:26:22,mercearia, Rebuçados de Ice Tea + Teine Halls ,0.128,KG,2.99,23.36,€
575,2023-05-12 18:26:22,mercearia, Rebuçados de Cola + Cafeína Halls ,0.128,KG,2.99,23.36,€
576,2023-05-12 18:26:22,mercearia, Tisana Flat Tummy Paisagindo Bio ,0.05,KG,7.4,148.0,€
577,2023-05-12 18:26:22,mercearia, Tisana Dran You Paisagindo Bio ,0.04,KG,6.9,172.5,€
578,2023-05-12 18:26:22,mercearia, Tablete de Chocolate com Amêndoas Milka ,0.125,KG,2.19,17.52,€
579,2023-05-12 18:26:22,mercearia, Pastilha Elástica Gengibre e Açafrão True Gum ,0.021,KG,1.99,94.76,€
580,2023-05-12 18:26:22,mercearia, Tablete de Chocolate Oreo Brownie Milka ,0.1,KG,1.74,17.4,€
581,2023-05-12 18:26:22,mercearia, Feijão Preto Seco Pingo Doce ,0.5,KG,0.99,1.98,€
582,2023-05-12 18:26:22,mercearia, Bolachas de Chocolate Cookie Sensation Oreo Milka ,0.156,KG,2.89,18.53,€
583,2023-05-12 18:26:22,mercearia, Tablete de Chocolate Sandwich Oreo Milka ,0.092,KG,1.74,18.91,€
584,2023-05-12 18:26:22,mercearia, Cogumelos Inteiros Pingo Doce ,0.355,KG,1.25,3.52,€
585,2023-05-12 18:26:22,mercearia, Dobrada com Feijão À Mesa de Portugal ,0.42,KG,1.99,4.74,€
586,2023-05-12 18:26:22,mercearia, Chispalhada À Mesa de Portugal ,0.42,KG,1.99,4.74,€
587,2023-05-12 18:26:22,mercearia, Feijoada Transmontana À Mesa de Portugal ,0.42,KG,1.99,4.74,€
588,2023-05-12 18:26:22,mercearia, Creme de Vinagre Balsâmico de Modena Espiga ,0.295,KG,3.85,13.05,€
589,2023-05-12 18:26:22,mercearia, Tablete de Chocolate com Creme de Cacau Milka ,0.1,KG,1.74,17.4,€
590,2023-05-12 18:26:22,mercearia, Tablete de Chocolate Milka com Bolacha Chips Ahoy ,0.1,KG,1.74,17.4,€
591,2023-05-12 18:26:22,mercearia, Tabelete de Chocolate Triple Caramelo Milka ,0.09,KG,1.74,19.33,€
592,2023-05-12 18:26:22,mercearia, Tablete de Chocolate Milka Triplo Chocolate ,0.09,KG,1.74,19.33,€
593,2023-05-12 18:26:22,mercearia, Chocolate Zack Oreo Milka ,0.037,KG,1.05,28.38,€
594,2023-05-12 18:26:22,mercearia, Doce de Abóbora Pingo Doce ,0.355,KG,1.69,4.76,€
595,2023-05-12 18:26:22,mercearia, Tablete de Chocolate de Leite Bubbly Milka ,0.09,KG,1.74,19.33,€
596,2023-05-12 18:26:22,mercearia, Tablete de Chocolate Peanut Caramel Milka ,0.09,KG,1.74,19.33,€
597,2023-05-12 18:26:22,mercearia, Tablete de Chocolate com Amêndoas e Caramelo Milka ,0.3,KG,4.39,14.63,€
598,2023-05-12 18:26:22,mercearia, Bolachas Maria Oro de Mel Cuétara ,0.6,KG,3.29,5.48,€
599,2023-05-12 18:26:22,mercearia, Tablete de Chocolate de Leite Luflée Caramel Milka ,0.25,KG,4.39,17.56,€
600,2023-05-12 18:26:22,mercearia, Sal com Ervas Moinho Pingo Doce ,0.04,KG,1.39,34.75,€
601,2023-05-12 18:26:22,mercearia, Salsicha Hot Dog Pingo Doce - 6 un ,0.38,KG,2.49,6.55,€
602,2023-05-12 18:26:22,mercearia, Mel com Própolis Serramel ,0.3,KG,6.89,22.97,€
603,2023-05-12 18:26:22,mercearia, Milho Preparado para Canjica-Cachupa Globo ,0.7,KG,1.74,2.49,€
604,2023-05-12 18:26:22,mercearia, Batatas Fritas Lisas com Sal Pingo Doce ,0.2,KG,1.19,5.95,€
605,2023-05-12 18:26:22,mercearia, Chocolate de Leite com Amêndoas Regina ,0.072,KG,1.94,26.94,€
606,2023-05-12 18:26:22,mercearia, Tablete de Chocolate Leite Pingo Doce ,0.1,KG,0.63,6.3,€
607,2023-05-12 18:26:22,mercearia, Notas e Moedas de Chocolate de Leite Mimolândia Eurochocolate ,1.0,UN,1.59,15.9,€
608,2023-05-12 18:26:22,mercearia, Caramelos Rainbow Mentos ,0.04,KG,0.89,22.25,€
609,2023-05-12 18:26:22,mercearia, Segredos para Saladas Margão ,0.01,KG,2.19,219.0,€
610,2023-05-12 18:26:22,mercearia, Argolinhas Integrais de Maçã e Canela Pingo Doce ,0.1,KG,1.09,10.9,€
611,2023-05-12 18:26:22,mercearia, Segredos para Massas Margão ,0.016,KG,2.19,136.88,€
612,2023-05-12 18:26:22,mercearia, Gelatina de Frutos Vermelhos Light Pingo Doce ,0.031,KG,0.99,31.94,€
613,2023-05-12 18:26:22,mercearia, Gelatina Light Ananás Pingo Doce ,0.031,KG,0.99,31.94,€
614,2023-05-12 18:26:22,mercearia, Gelatina de Frutos Morango Light Pingo Doce ,0.031,KG,0.99,31.94,€
616,2023-05-12 18:26:22,mercearia, Preparado em Pó Arroz Doce Madarim ,0.024,KG,1.89,78.75,€
617,2023-05-12 18:26:22,mercearia, Gelatina Light Mirtilo Pingo Doce ,0.031,KG,0.99,31.94,€
618,2023-05-12 18:26:22,mercearia, Gelatina de Frutos Melancia Light Pingo Doce ,0.031,KG,0.99,31.94,€
619,2023-05-12 18:26:22,mercearia, Mostarda Original Savora ,0.19,KG,2.49,13.11,€
620,2023-05-12 18:26:22,mercearia, Mostarda Dijon Savora ,0.19,KG,2.69,14.16,€
621,2023-05-12 18:26:22,mercearia, Pudim Flan El Mandarin ,0.0192,KG,1.49,7.84,€
622,2023-05-12 18:26:22,mercearia, Maionese Pingo Doce ,0.414,KG,1.99,4.81,€
623,2023-05-12 18:26:22,mercearia, Bolachas Joaninhas Pingo Doce ,0.15,KG,1.39,9.27,€
624,2023-05-12 18:26:22,mercearia, Bolachas Brownie Pingo Doce ,0.225,KG,1.69,7.51,€
625,2023-05-12 18:26:22,mercearia, Cereais Bolas de Chocolate Pingo Doce ,0.375,KG,1.99,5.31,€
626,2023-05-12 18:26:22,mercearia, Tempero Segredos do Mundo México Margão ,0.04,KG,2.89,72.25,€
627,2023-05-12 18:26:22,mercearia, Tempero Segredos do Mundo Oriental Margão ,0.032,KG,2.89,90.31,€
628,2023-05-12 18:26:22,mercearia, Tempero Segredos do Mundo Itália Margão ,0.03,KG,2.89,96.33,€
629,2023-05-12 18:26:22,mercearia, Cereais Crocantes de Mel e Amêndoas Pingo Doce ,0.375,KG,2.39,6.37,€
630,2023-05-12 18:26:22,mercearia, Mostarda em Grãos Savora ,0.19,KG,2.69,14.16,€
631,2023-05-12 18:26:22,mercearia, Mistura para Grelhados Segredos Margão ,0.017,KG,2.89,170.0,€
632,2023-05-12 18:26:22,mercearia, Mistura para Massas Segredos Margão ,0.032,KG,2.89,90.31,€
633,2023-05-12 18:26:22,mercearia, Cereais Cookie Bitz Pingo Doce ,0.375,KG,1.99,5.31,€
634,2023-05-12 18:26:22,mercearia, Batatas Fritas Camponesas Pingo Doce ,0.17,KG,1.15,6.76,€
635,2023-05-12 18:26:22,mercearia, Farinha de Mandioca Globo ,0.5,KG,1.99,3.98,€
636,2023-05-12 18:26:22,mercearia, Pastilha Elástica de Spearmint Pingo Doce ,0.028,KG,0.79,28.21,€
637,2023-05-12 18:26:22,mercearia, Bolachas Integrais Cracker Pingo Doce - 14 un ,0.4998000000000001,KG,1.89,3.78,€
638,2023-05-12 18:26:22,mercearia, Waffles Pingo Doce ,0.165,KG,1.39,8.42,€
639,2023-05-12 18:26:22,mercearia, Canja de Galinha Sopa Instantânea Pingo Doce ,0.068,KG,0.89,13.09,€
640,2023-05-12 18:26:22,mercearia, Alho Laminado e Louro Cortado Pingo Doce ,0.055,KG,1.99,36.18,€
641,2023-05-12 18:26:22,mercearia, Bolachas Butter Cookies Pingo Doce ,0.454,KG,3.89,8.57,€
642,2023-05-12 18:26:22,mercearia, Café Moído Intenso Pingo Doce ,0.25,KG,1.79,7.16,€
643,2023-05-12 18:26:22,mercearia, Tablete de Chocolate Leite com Amêndoas Pingo Doce ,0.1,KG,0.73,7.3,€
644,2023-05-12 18:26:22,mercearia, Bolachas de Canela Pingo Doce - 2 un ,0.47,KG,1.69,3.6,€
645,2023-05-12 18:26:22,mercearia, Bolachas com Recheio de Baunilha Pingo Doce ,0.5,KG,1.59,3.18,€
646,2023-05-12 18:26:22,mercearia, Cereais Fruta e Fibra Pingo Doce ,0.375,KG,1.89,5.04,€
647,2023-05-12 18:26:22,mercearia, Segredos para Bifes Margão ,0.016,KG,2.19,136.88,€
648,2023-05-12 18:26:22,mercearia, Muesli Crunchy de Frutos Secos Pingo Doce ,0.5,KG,2.49,4.98,€
649,2023-05-12 18:26:22,mercearia, Tablete de Chocolate de Leite Caramelo e Avelãs Milka ,0.3,KG,4.39,14.63,€
650,2023-05-12 18:26:22,mercearia, Biscoitos Folhados Bonomi ,0.135,KG,1.04,7.7,€
651,2023-05-12 18:26:22,mercearia," Azeitona Mista com Azeite, Alho e Orégãos Pingo Doce ",0.155,KG,1.74,11.23,€
652,2023-05-12 18:26:22,mercearia, Azeitonas Pretas Oxidadas Pingo Doce ,0.21,KG,1.29,6.14,€
653,2023-05-12 18:26:22,mercearia, Creme de Chocolate e Avelã Pingo Doce ,0.4,KG,2.49,6.23,€
654,2023-05-12 18:26:22,mercearia, Azeitonas Pretas Descaroçadas Pingo Doce ,0.165,KG,1.09,6.61,€
655,2023-05-12 18:26:22,mercearia, Gomas Tijolos e Cilindros Gomamix Pingo Doce ,0.3,KG,1.69,5.63,€
656,2023-05-12 18:26:22,mercearia, Bolsa de Fruta Banana Framboesa Mirtilo e Aveia Smoothie Corny ,0.12,KG,1.69,14.08,€
657,2023-05-12 18:26:22,mercearia, Bolsa de Fruta Banana Pêra Laranja e Aveia Smoothie Corny ,0.12,KG,1.69,14.08,€
658,2023-05-12 18:26:22,mercearia, Café Solúvel Gold Pingo Doce ,0.1,KG,2.29,22.9,€
659,2023-05-12 18:26:22,mercearia, Bolachas com Recheio de Laranja Pingo Doce ,0.3,KG,1.59,5.3,€
660,2023-05-12 18:26:22,mercearia, Molho de Tomate e Manjericão Pingo Doce ,0.34,KG,1.39,4.09,€
661,2023-05-12 18:26:22,mercearia, Farinha para Pão de sementes Pingo Doce ,0.5,KG,0.99,1.98,€
662,2023-05-12 18:26:22,mercearia, Pastilha Elástica Max II Melancia Pêssego Trident ,0.023,KG,0.99,43.04,€
663,2023-05-12 18:26:22,mercearia, Pastilha Elástica Menta True Gum ,0.021,KG,1.99,94.76,€
664,2023-05-12 18:26:22,mercearia, Madalenas Clássicas Pingo Doce ,0.35,KG,1.69,4.83,€
665,2023-05-12 18:26:22,mercearia, Chupa Chupa sem Açúcar Chupa Chups ,6.0,UN,3.69,0.62,€
666,2023-05-12 18:26:22,mercearia, Chá Preto Pingo Doce ,25.0,UN,0.99,0.04,€
667,2023-05-12 18:26:22,mercearia, Batatas Fritas Palha Saloinha ,0.4,KG,3.49,8.73,€
668,2023-05-12 18:26:22,mercearia, Batatas Fritas Rodelas A Saloinha ,0.4,KG,3.49,8.73,€
669,2023-05-12 18:26:22,mercearia, Chá Verde Pingo Doce ,25.0,UN,0.99,0.04,€
670,2023-05-12 18:26:22,mercearia, Bolachas Cracker com Sal Pingo Doce - 14 un ,0.4998000000000001,KG,1.89,3.78,€
671,2023-05-12 18:26:22,mercearia, Chocolate Pintarolas ,0.066,KG,1.49,22.58,€
672,2023-05-12 18:26:22,mercearia, Drageias Crazy Sours Skittles ,0.038,KG,0.99,26.05,€
673,2023-05-12 18:26:22,mercearia, Café Solúvel Intenso Pingo Doce ,0.1,KG,2.09,20.9,€
674,2023-05-12 18:26:22,mercearia, Mistura de Chicória Pingo Doce ,0.2,KG,2.29,11.45,€
675,2023-05-12 18:26:22,mercearia, Bolachas Maria de Chocolate Cuétara ,0.265,KG,2.29,8.64,€
676,2023-05-12 18:26:22,mercearia, Bolachas de Cereais Animais Pingo Doce - 2 un ,0.4,KG,1.39,3.47,€
677,2023-05-12 18:26:22,mercearia, Farinha Express Molhos Maizena ,0.25,KG,3.19,12.76,€
678,2023-05-12 18:26:22,mercearia, Infusão Menta Pingo Doce ,25.0,UN,0.79,0.03,€
679,2023-05-12 18:26:22,mercearia, Molho Pesto Rosso Ponti ,0.135,KG,3.49,25.85,€
680,2023-05-12 18:26:22,mercearia, Bolsa de Fruta Maçã Manga Cenoura Pingo Doce ,0.09,KG,0.74,8.22,€
681,2023-05-12 18:26:22,mercearia, Bolsa de Fruta Maçã Batata Doce Cenoura Pingo Doce ,0.09,KG,0.74,8.22,€
682,2023-05-12 18:26:22,mercearia, Infusão Erva Mate Toranja e Figo Pingo Doce ,20.0,UN,1.49,0.07,€
683,2023-05-12 18:26:22,mercearia, Ervilhas ao Natural Pingo Doce ,0.2,KG,0.67,3.35,€
684,2023-05-12 18:26:22,mercearia, Alho Moido Melissa ,0.058,KG,0.99,17.07,€
685,2023-05-12 18:26:22,mercearia, Bolachas com Creme de Chocolate Grisbi ,0.15,KG,3.29,21.93,€
686,2023-05-12 18:26:22,mercearia, Bolachas com Creme de Avelã Grisbi ,0.15,KG,3.29,21.93,€
687,2023-05-12 18:26:22,mercearia, Tomate Seco Ponti ,0.28,KG,3.99,14.25,€
688,2023-05-12 18:26:22,mercearia, Azeitona Preta Oxidada Embalada ,0.2,KG,5.69,5.69,€
689,2023-05-12 18:26:22,mercearia, Bolachas com Creme de Limão Grisbi ,0.15,KG,3.29,21.93,€
690,2023-05-12 18:26:22,mercearia, Pastilha Elástica 60 Minutos Peppermint Trident ,0.06,KG,2.79,46.5,€
691,2023-05-12 18:26:22,mercearia, Caramelos de Nata Pingo Doce ,0.25,KG,1.49,5.96,€
692,2023-05-12 18:26:22,mercearia, Rebuçados de Mentol Pingo Doce ,0.25,KG,1.09,4.36,€
693,2023-05-12 18:26:22,mercearia, Massa de Alho Pingo Doce ,0.2,KG,0.85,4.25,€
694,2023-05-12 18:26:22,mercearia, Tempero para Frango Pingo Doce ,0.2,KG,0.85,4.25,€
695,2023-05-12 18:26:22,mercearia, Vinha de Alho Pingo Doce ,0.2,KG,0.85,4.25,€
696,2023-05-12 18:26:22,mercearia, Pastilha Elástica Max Watermelon Frost Trident ,0.02,KG,1.09,54.5,€
697,2023-05-12 18:26:22,mercearia, Chocolate de Culinária Pingo Doce ,0.2,KG,1.15,5.75,€
698,2023-05-12 18:26:22,mercearia, Bolachas Recheadas com Baunilha Grisbi ,0.15,KG,3.29,21.93,€
699,2023-05-12 18:26:22,mercearia, Feijão Catarino Seco Pingo Doce ,0.5,KG,1.19,2.38,€
700,2023-05-12 18:26:22,mercearia, Feijão Manteiga Seco Pingo Doce ,0.5,KG,1.19,2.38,€
701,2023-05-12 18:26:22,mercearia, Massa de Pimentão Pingo Doce ,0.2,KG,0.85,4.25,€
702,2023-05-12 18:26:22,mercearia, Rebuçados de Mentol e Eucalipto com Laranja S. Xavier ,0.1,KG,1.09,10.9,€
703,2023-05-12 18:26:22,mercearia, Rebuçados de Mentol e Eucalipto com Limão S. Xavier ,0.1,KG,1.09,10.9,€
704,2023-05-12 18:26:22,mercearia, Rebuçados Clássicos S. Xavier ,0.1,KG,1.09,10.9,€
705,2023-05-12 18:26:22,mercearia, Pipocas Salgadas de Microondas Pingo Doce ,0.09,KG,0.45,5.0,€
706,2023-05-12 18:26:22,mercearia, Pipocas Doces de Microondas Pingo Doce ,0.09,KG,0.45,5.0,€
707,2023-05-12 18:26:22,mercearia, Pickles Pingo Doce ,0.35,KG,1.19,3.4,€
708,2023-05-12 18:26:22,mercearia, Doce de Tomate Pingo Doce ,0.355,KG,1.69,4.76,€
709,2023-05-12 18:26:22,mercearia, Pipocas Doces Pingo Doce ,0.15,KG,0.85,5.67,€
710,2023-05-12 18:26:22,mercearia, Lentilhas Verdes Pingo Doce ,0.5,KG,1.19,2.38,€
711,2023-05-12 18:26:22,mercearia, Achocolatado em Pó Pingo Doce ,0.8,KG,3.49,4.36,€
712,2023-05-12 18:26:22,mercearia, Mel Serras de Portugal Granja S. Francisco ,0.5,KG,6.99,13.98,€
713,2023-05-12 18:26:22,mercearia, Barras de Cereais Arando e Avelã Belvita ,0.16,KG,3.69,8.89,€
714,2023-05-12 18:26:22,mercearia, Infusão Maçã e Canela Pingo Doce ,25.0,UN,1.25,0.05,€
715,2023-05-12 18:26:22,mercearia, Chupa Milky Chupa Chups ,0.12,KG,3.49,29.08,€
716,2023-05-12 18:26:22,mercearia, Molho de Soja Amoy ,0.15,L,3.89,25.93,€
717,2023-05-12 18:26:22,mercearia, Molho Original HP ,0.255,KG,4.49,17.61,€
718,2023-05-12 18:26:22,mercearia, Feijão Preto Pingo Doce ,0.42,KG,0.84,2.0,€
719,2023-05-12 18:26:22,mercearia, Barras de Cereais Original All Bran Kellogs ,0.24,KG,3.85,16.04,€
720,2023-05-12 18:26:22,mercearia, Tomate Frito Heinz ,0.35,KG,2.09,5.97,€
721,2023-05-12 18:26:22,mercearia, Chocolate e Amendoim M&M's ,0.034,KG,1.15,33.82,€
722,2023-05-12 18:26:22,mercearia, Tiras de Milho Pingo Doce ,0.13,KG,0.85,6.54,€
723,2023-05-12 18:26:22,mercearia, Molho Indiano Tikka Masala Sharwoods ,0.42,KG,4.75,11.31,€
724,2023-05-12 18:26:22,mercearia, Bolachas Cream Cracker Pingo Doce ,0.2,KG,0.69,3.45,€
725,2023-05-12 18:26:22,mercearia, Drageias de Morango Smint ,0.035,KG,2.29,65.43,€
726,2023-05-12 18:26:22,mercearia, Cereais Original Weetabix ,0.43,KG,3.85,8.95,€
727,2023-05-12 18:26:22,mercearia, Cereais sem Açúcar Alpen ,0.56,KG,4.48,8.0,€
728,2023-05-12 18:26:22,mercearia, Cereais de Aveia Oatibix Weetabix ,0.5,KG,2.15,4.3,€
729,2023-05-12 18:26:22,mercearia, Marmelada Adoçada com Stevia Ferbar ,0.35,KG,4.39,12.54,€
730,2023-05-12 18:26:22,mercearia, Torta de Cacau Pingo Doce ,0.3,KG,1.79,5.97,€
731,2023-05-12 18:26:22,mercearia, Bolachas Choco Cookies Pingo Doce ,0.225,KG,1.49,6.62,€
732,2023-05-12 18:26:22,mercearia, Snack Mix Ups de Queijo Matutano ,0.14,KG,1.99,14.21,€
733,2023-05-12 18:26:22,mercearia, Leite de Coco Koala ,0.4,KG,2.24,5.6,€
734,2023-05-12 18:26:22,mercearia, Bolas Crocantes com Cobertura de Chocolate Pop's Pingo Doce ,0.175,KG,1.79,10.23,€
735,2023-05-12 18:26:22,mercearia, Bolsa de Fruta Banana Morango Iogurte Hero ,0.1,KG,1.15,11.5,€
736,2023-05-12 18:26:22,mercearia, Bolsa de Fruta Banana Morango Maçã Hero ,0.1,KG,1.15,11.5,€
737,2023-05-12 18:26:22,mercearia, Bolsa de Fruta Laranja Banana Pêra e Bolacha Hero ,0.1,KG,0.98,9.8,€
738,2023-05-12 18:26:22,mercearia, Snack de Chocolate Wafer Nestlé Crunch ,0.033,KG,0.85,25.76,€
739,2023-05-12 18:26:22,mercearia, Tablete de Chocolate Preto Pingo Doce ,0.1,KG,0.63,6.3,€
740,2023-05-12 18:26:22,mercearia, Chocolate de Leite e Avelãs Inteiras Pingo Doce ,0.2,KG,1.79,8.95,€
741,2023-05-12 18:26:22,mercearia, Molho Salada Cream Original Heinz ,0.425,KG,4.59,10.8,€
742,2023-05-12 18:26:22,mercearia, Molho Barbecue Sweet Heinz ,0.4,L,4.6,11.5,€
743,2023-05-12 18:26:22,mercearia, Batata Doce Frita Pingo Doce ,0.15,KG,1.69,11.27,€
744,2023-05-12 18:26:22,mercearia, Bolachas Digestivas de Aveia Pingo Doce ,0.425,KG,1.39,3.27,€
745,2023-05-12 18:26:22,mercearia, Molho de Soja Light Amoy ,0.15,L,3.89,25.93,€
746,2023-05-12 18:26:22,mercearia, Achocolatado em Pó 70% Cacau Starbucks ,0.3,KG,6.49,21.63,€
747,2023-05-12 18:26:22,mercearia, Salsichas Wienerwurst Frasco Nobre - 5 un ,0.22,KG,2.99,13.59,€
748,2023-05-12 18:26:22,mercearia, Molho de Soja Heinz ,0.15,L,4.09,27.27,€
749,2023-05-12 18:26:22,mercearia, Tablete de Chocolate de Leite com Avelãs Schogetten ,0.1,KG,1.09,10.9,€
750,2023-05-12 18:26:22,mercearia, Bolachas Maria Triunfo ,0.2,KG,1.29,6.45,€
751,2023-05-12 18:26:22,mercearia, Feijão Cozido em Molho de Tomate Heinz ,0.415,KG,1.85,4.46,€
752,2023-05-12 18:26:22,mercearia, Molho Barbecue Clássico Heinz ,0.48,KG,4.6,9.58,€
753,2023-05-12 18:26:22,mercearia, Creme de Avelã e Cacau com Proteína Whey Prozis ,0.2,KG,4.49,22.45,€
754,2023-05-12 18:26:22,mercearia, Doce de Morango Pingo Doce ,0.355,KG,1.49,4.2,€
755,2023-05-12 18:26:22,mercearia, Salsicha de Frango Cuidat+ Nobre - 4 un ,4.0,UN,2.99,14.24,€
756,2023-05-12 18:26:22,mercearia, Chocolate e Manteiga de Amendoim Chunky Kitkat ,0.042,KG,1.1,26.19,€
757,2023-05-12 18:26:22,mercearia, Mostarda Amarela Suave Top Down Heinz ,0.22,L,2.99,13.59,€
758,2023-05-12 18:26:22,mercearia, Chocolate de Leite Kitkat ,0.0415,KG,1.1,26.51,€
759,2023-05-12 18:26:22,mercearia, Cereais de Amêndoas Clusters Nestlé ,0.325,KG,4.69,14.43,€
760,2023-05-12 18:26:22,mercearia, Cereais de Chocolate Clusters Nestlé ,0.33,KG,4.69,14.21,€
761,2023-05-12 18:26:22,mercearia, Bolachas Digestivas de Aveia McVitie's ,0.3,KG,1.99,6.63,€
762,2023-05-12 18:26:22,mercearia, Polpa de Tomate Pingo Doce ,0.5,KG,0.99,1.98,€
763,2023-05-12 18:26:22,mercearia, Cones de Milho Queijo e Bacon Pingo Doce ,0.1,KG,0.75,7.5,€
764,2023-05-12 18:26:22,mercearia, Salsicha Hotdog Frasco Nobre - 8 un ,8.0,UN,4.89,0.61,€
765,2023-05-12 18:26:22,mercearia, Salsichas de Peru e Ervas Aromáticas Frasco Cuida-t+ Nobre - 4 un ,4.0,UN,3.19,0.8,€
766,2023-05-12 18:26:22,mercearia, Mostarda à l'Ancienne Maille ,0.2,KG,3.99,19.95,€
767,2023-05-12 18:26:22,mercearia, Palmiers Finos e Crocantes Seleção Triunfo ,0.1,KG,1.69,16.9,€
768,2023-05-12 18:26:22,mercearia, Bolachas Digestivas de Aveia e Chocolate McVitie's ,0.3,KG,2.09,6.97,€
769,2023-05-12 18:26:22,mercearia, Cereais Aveia Original Nestlé Cheerios ,0.3,KG,3.99,13.3,€
770,2023-05-12 18:26:22,mercearia, Molho para Salada de Mel e Mostarda Top Down Heinz ,0.435,L,4.99,11.47,€
771,2023-05-12 18:26:22,mercearia, Salsichas de Aves Cocktail Frasco Nobre ,0.19,KG,2.99,15.74,€
772,2023-05-12 18:26:22,mercearia, Salsicha de Aves Hotdog Frasco Nobre - 8 un ,8.0,UN,4.89,0.61,€
773,2023-05-12 18:26:22,mercearia, Café Cápsulas Forte Intensidade 12 L'Animo ,20.0,UN,3.65,0.18,€
774,2023-05-12 18:26:22,mercearia, Café Cápsulas Ristretto Intensidade 10 L'Animo ,20.0,UN,3.65,0.18,€
775,2023-05-12 18:26:22,mercearia, Caramelos de Fruta Pingo Doce ,0.25,KG,1.49,5.96,€
776,2023-05-12 18:26:22,mercearia, Milho Doce Pingo Doce ,0.34,KG,1.15,3.24,€
777,2023-05-12 18:26:22,mercearia, Tablete de Chocolate Branco Milka ,0.1,KG,1.74,17.4,€
778,2023-05-12 18:26:22,mercearia, Salsicha Frankfurt Pingo Doce - 8 un ,0.2,KG,0.95,4.75,€
779,2023-05-12 18:26:22,mercearia, Farinha com Cacau e Alfarroba Nestlé Pensal ,0.25,KG,2.89,11.56,€
780,2023-05-12 18:26:22,mercearia, Pastilhas de Chocolate para Culinária Pantagruel ,0.2,KG,2.94,14.7,€
781,2023-05-12 18:26:22,mercearia, Cereais Extra Frutas Kellogg's ,0.375,KG,4.39,11.71,€
782,2023-05-12 18:26:22,mercearia, Leite de Coco Condensado Koala ,0.32,KG,2.94,9.19,€
783,2023-05-12 18:26:22,mercearia, Manga Fatiada em Calda Koala ,0.425,KG,2.49,5.86,€
784,2023-05-12 18:26:22,mercearia, Pastilha Elástica Senses Watermelon Sunrise Trident ,0.069,KG,2.79,40.43,€
785,2023-05-12 18:26:22,mercearia, Pastilha Elástica Senses Rainforest Mint Trident ,0.069,KG,2.79,40.43,€
786,2023-05-12 18:26:22,mercearia, Pastilha Elástica Trident Senses Berry Party ,0.069,KG,2.79,40.43,€
787,2023-05-12 18:26:22,mercearia, Tablete de Chocolate de Leite com Avelãs Milka ,0.1,KG,1.74,17.4,€
788,2023-05-12 18:26:22,mercearia, Chocolate de Culinária Pepitas 70% Pantagruel ,0.2,KG,3.45,17.25,€
789,2023-05-12 18:26:22,mercearia, Polpa de Ananás Koala ,0.565,KG,2.99,5.29,€
790,2023-05-12 18:26:22,mercearia, Palitos com Chocolate Dip Dip Bollycao ,1.0,UN,1.69,1.69,€
791,2023-05-12 18:26:22,mercearia, Marmelada para Fatiar Casa da Prisca ,0.2,KG,10.79,10.79,€
792,2023-05-12 18:26:22,mercearia, Pepitas de 100% Chocolate Pantagruel ,0.2,KG,4.09,20.45,€
793,2023-05-12 18:26:22,mercearia, Molho Picante Chipotle Tabasco ,0.06,L,3.19,53.17,€
794,2023-05-12 18:26:22,mercearia, Pimentão Doce Moído Pingo Doce ,0.045,KG,0.59,13.11,€
795,2023-05-12 18:26:22,mercearia, Polpa de Tomate Manjericão e Orégãos Pingo Doce ,0.5,KG,1.29,2.58,€
796,2023-05-12 18:26:22,mercearia, Polpa de Tomate Cebola e Alho Pingo Doce ,0.5,L,1.29,2.58,€
797,2023-05-12 18:26:22,mercearia, Snack Crocante Amendoins Pistachios Pingo Doce ,0.09,KG,1.59,17.67,€
798,2023-05-12 18:26:22,mercearia, Snack Crocante Amendoins Amêndoas Cajús Pingo Doce ,0.09,KG,1.59,17.67,€
799,2023-05-12 18:26:22,mercearia, Bolsa de Fruta Maçã e Banana Hero Baby ,0.1,KG,0.99,9.9,€
800,2023-05-12 18:26:22,mercearia, Maionese Light Top Down Pingo Doce ,0.47,KG,1.49,3.17,€
801,2023-05-12 18:26:22,mercearia, Barras de Cereais Extra Amêndoas e Chocolate Kellogg's ,0.128,KG,3.99,31.17,€
803,2023-05-12 18:26:22,mercearia, Barras de Frutos Secos Amendoim Amêndoas Avelãs e Mel Pingo Doce ,0.105,KG,1.79,17.05,€
804,2023-05-12 18:26:22,mercearia, Barras de Frutos Secos Amendoins Arandos Cajús e Amêndoas Pingo Doce ,0.105,KG,1.79,17.05,€
805,2023-05-12 18:26:22,mercearia, Barras de Frutos Secos Amendoins Amêndoa Chocolate e Pistacho Pingo Doce ,0.105,KG,1.79,17.05,€
806,2023-05-12 18:26:22,mercearia, Extra Fofos ,0.3,KG,0.99,3.3,€
807,2023-05-12 18:26:22,mercearia, Cogumelos Laminados Compal da Horta ,0.29,KG,1.49,5.14,€
808,2023-05-12 18:26:22,mercearia, Cocktail de Frutos Secos com Mel Eagle ,0.075,KG,1.99,26.53,€
809,2023-05-12 18:26:22,mercearia, Barras de Cereais Corn Flakes Nacional ,0.126,KG,2.25,17.86,€
810,2023-05-12 18:26:22,mercearia, Granulado Colorido Cimarrom ,0.15,KG,2.19,14.6,€
811,2023-05-12 18:26:22,mercearia, Chocolate de Leite Pops Kitkat ,0.11,KG,2.99,27.18,€
812,2023-05-12 18:26:22,mercearia, Barras de Cereais Frutos Secos e Caramelo Salgado Extra Kelloggs ,0.128,KG,3.99,33.25,€
813,2023-05-12 18:26:22,mercearia, Cereais Extra Chocolate Leite Kelloggs ,0.375,KG,4.39,11.71,€
814,2023-05-12 18:26:22,mercearia, Ervas de Provence Bio Margão ,0.016,KG,2.29,143.13,€
815,2023-05-12 18:26:22,mercearia, Café Cápsulas Aromático Intensidade 12 Delta Q Chave D'Ouro ,10.0,UN,1.89,0.19,€
816,2023-05-12 18:26:22,mercearia, Café Cápsulas Prestígio Intensidade 9 Delta Q Chave D'Ouro ,10.0,UN,1.89,0.19,€
817,2023-05-12 18:26:22,mercearia, Pepitas de Chocolate Negro Bio Vahiné ,0.1,KG,5.59,55.9,€
818,2023-05-12 18:26:22,mercearia, Coco Ralado Bio Vahiné ,0.115,KG,5.39,46.87,€
819,2023-05-12 18:26:22,mercearia, Fermento de Padeiro Bio Vahiné ,0.018,KG,3.19,177.22,€
820,2023-05-12 18:26:22,mercearia, Fermento em Pó Bio Vahiné ,0.035,KG,3.89,111.14,€
821,2023-05-12 18:26:22,mercearia, Folhas de Gelatina Bio Vahiné ,6.0,UN,2.69,0.27,€
822,2023-05-12 18:26:22,mercearia, Curcuma Bio Margão ,0.042,KG,3.59,85.48,€
823,2023-05-12 18:26:22,mercearia, Amêndoas Laminadas Bio Vahiné ,0.1,KG,6.59,65.9,€
824,2023-05-12 18:26:22,mercearia, Agar-Agar Bio Vahiné ,0.008,KG,4.49,561.25,€
825,2023-05-12 18:26:22,mercearia, Café Cápsulas Kenya 09 Nespresso L'Animo ,10.0,UN,2.29,0.23,€
826,2023-05-12 18:26:22,mercearia, Café Cápsulas Intenso e Vivo 11 Nespresso L'Animo ,10.0,UN,1.99,0.2,€
827,2023-05-12 18:26:22,mercearia, Descafeinado Cápsulas Denso e Vibrante 08 Nespresso L'Animo ,10.0,UN,1.99,0.2,€
828,2023-05-12 18:26:22,mercearia, Café Cápsulas Exótico e Surpreendente Colômbia 08 Nespresso L'Animo ,10.0,UN,2.29,0.23,€
829,2023-05-12 18:26:22,mercearia, Chocolate de Leite Mini Kitkat ,0.2,KG,2.39,11.95,€
830,2023-05-12 18:26:22,mercearia, Salicórnia Mix para Massas Qampo ,0.05,KG,4.09,81.8,€
831,2023-05-12 18:26:22,mercearia, Salicórnia 100% Qampo ,0.045,KG,5.24,116.44,€
832,2023-05-12 18:26:22,mercearia, Açúcar Baunilhado Bio Vahiné ,0.035,KG,5.59,159.71,€
833,2023-05-12 18:26:22,mercearia, Caldo de Carne Pingo Doce - 24 un ,24.0,UN,1.29,0.05,€
834,2023-05-12 18:26:22,mercearia, Caldo de Galinha Pingo Doce - 24 un ,24.0,UN,1.29,0.05,€
835,2023-05-12 18:26:22,mercearia, Ervilhas e Cenouras Bonduelle ,0.6,KG,3.89,6.48,€
836,2023-05-12 18:26:22,mercearia, Chá Verde Twinings ,25.0,UN,3.79,0.15,€
837,2023-05-12 18:26:22,mercearia, Vinagre Vinho Branco Peninsular ,0.25,L,0.66,2.64,€
838,2023-05-12 18:26:22,mercearia, Bolachas de Manteiga Belga Pingo Doce ,0.25,KG,1.85,7.4,€
839,2023-05-12 18:26:22,mercearia, Tablete de Chocolate de Leite Chocobol Milka ,0.3,KG,4.39,14.63,€
840,2023-05-12 18:26:22,mercearia, Cereais Chocorice Pingo Doce ,0.375,KG,1.79,4.77,€
841,2023-05-12 18:26:22,mercearia, Legumes Primavera Bonduelle ,0.6,KG,3.84,6.4,€
842,2023-05-12 18:26:22,mercearia, Bolachas Digestive com Cobertura de Chocolate Pingo Doce ,0.3,KG,1.39,4.63,€
843,2023-05-12 18:26:22,mercearia, Snack Chocolate Mini Bueno Kinder ,18.0,UN,2.49,0.14,€
844,2023-05-12 18:26:22,mercearia, Mistura Solúvel Chicória e Café Delta ,0.25,KG,7.69,30.76,€
845,2023-05-12 18:26:22,mercearia, Ovo Joy Kinder ,0.06,KG,3.89,64.83,€
846,2023-05-12 18:26:22,mercearia, Salsicha Mini Cocktail de Aves Lata Nobre ,0.18,KG,2.19,12.17,€
847,2023-05-12 18:26:22,mercearia, Favas de Soja Edamane Bonduelle ,0.16,KG,2.74,17.13,€
848,2023-05-12 18:26:22,mercearia, Milho Doce Bonduelle ,0.225,KG,2.74,12.18,€
849,2023-05-12 18:26:22,mercearia, Ervilhas Bonduelle - Pack 3 ,0.225,KG,2.74,12.18,€
850,2023-05-12 18:26:22,mercearia, Barras de Chocolate Mini Kinder ,20.0,UN,2.49,0.12,€
851,2023-05-12 18:26:22,mercearia, Salsicha de Peru Lata Cuida-t+ Nobre - 8 un ,0.35,KG,2.19,6.26,€
852,2023-05-12 18:26:22,mercearia, Salsichas de Frango Cuida-t+ Nobre - 8 un ,8.0,UN,2.19,0.27,€
853,2023-05-12 18:26:22,mercearia, Tempero Líquido 100% Vegetal Maggi ,0.101,L,2.99,29.6,€
854,2023-05-12 18:26:22,mercearia, Hambúrguer de Atum Bom Petisco ,0.15,KG,4.09,27.27,€
855,2023-05-12 18:26:22,mercearia, Tablete de Chocolate Caramelo e Avelãs Xtreme Extrafino Nestlé ,0.087,KG,1.59,18.28,€
856,2023-05-12 18:26:22,mercearia, Café Cápsulas Colômbia Intensidade 8 L'Animo ,20.0,UN,3.75,0.19,€
857,2023-05-12 18:26:22,mercearia, Bolachas Sprits Pingo Doce ,0.4,KG,1.89,4.73,€
858,2023-05-12 18:26:22,mercearia, Atum em Tomate Bio Bom Petisco ,0.12,KG,2.09,17.42,€
859,2023-05-12 18:26:22,mercearia, Ervilhas sem Açúcar Bonduelle - Pack 3 ,0.6,KG,3.99,6.65,€
860,2023-05-12 18:26:22,mercearia, Chá Verde com Gengibre Twinnings ,25.0,UN,3.99,0.16,€
861,2023-05-12 18:26:22,mercearia, Salsichas de Peru e Ervas Aromáticas Lata Cuida-t+ Nobre - 8 un ,8.0,UN,2.39,0.3,€
862,2023-05-12 18:26:22,mercearia," Bolsa de Fruta Manga, Pêra e Aveia Smoothie Corny ",0.12,KG,1.69,14.08,€
863,2023-05-12 18:26:22,mercearia, Cereais de Mel Crunchy Nestlé Nat ,0.3,KG,3.59,11.97,€
864,2023-05-12 18:26:22,mercearia, Achocolatado em Pó Intenso Suchard Express ,0.5,KG,6.59,13.18,€
865,2023-05-12 18:26:22,mercearia, Sortido de Bolachas Dulcissi ,0.4,KG,2.29,5.73,€
866,2023-05-12 18:26:22,mercearia, Leite Condensado Cozido Pingo Doce ,0.385,KG,1.79,4.65,€
867,2023-05-12 18:26:22,mercearia, Coentros em Folha Pingo Doce ,0.007,KG,0.69,98.57,€
868,2023-05-12 18:26:22,mercearia, Azeitonas Verdes com Pimento Pingo Doce ,0.2,KG,1.09,5.45,€
869,2023-05-12 18:26:22,mercearia, Cereais Farelo de Trigo Pingo Doce ,0.5,KG,1.99,3.98,€
870,2023-05-12 18:26:22,mercearia, Barritas de Chocolate de Leite ChocoKid Pingo Doce ,0.2,KG,1.89,9.45,€
871,2023-05-12 18:26:22,mercearia, Cominhos Moídos Pingo Doce ,0.045,KG,0.89,19.78,€
872,2023-05-12 18:26:22,mercearia, Salsa em Folha Pingo Doce ,0.008,KG,0.39,48.75,€
873,2023-05-12 18:26:22,mercearia, Bolsa de Fruta Manga com Iogurte Pingo Doce ,0.09,KG,0.79,8.78,€
874,2023-05-12 18:26:22,mercearia, Barras de Chocolate Kinder ,0.1,KG,1.89,18.9,€
875,2023-05-12 18:26:22,mercearia, Lentilhas Cozidas Pingo Doce ,0.54,KG,0.89,1.65,€
876,2023-05-12 18:26:22,mercearia, Pastilha Elástica Senses Melão Trident ,0.023,KG,0.99,43.04,€
877,2023-05-12 18:26:22,mercearia, Café Cápsulas Forte e Aromático 12 Nespresso L'Animo ,10.0,UN,1.99,0.2,€
878,2023-05-12 18:26:22,mercearia, Café Cápsulas Ristretto 10 Nespresso L'Animo ,10.0,UN,1.99,0.2,€
879,2023-05-12 18:26:22,mercearia, Chupa Flavour Playlist XXL Chupa Chups ,0.029,KG,0.64,22.07,€
880,2023-05-12 18:26:22,mercearia, Mostarda Dijon Original Maille ,0.215,KG,3.99,18.56,€
881,2023-05-12 18:26:22,mercearia, Barras de Chocolate Maxi Kinder ,0.126,KG,2.39,18.97,€
882,2023-05-12 18:26:22,mercearia, Gelatina Light Ananás Royal ,0.031,KG,2.09,67.42,€
883,2023-05-12 18:26:22,mercearia, Bolachas Cracker Table Water Carr's ,0.125,KG,2.79,0.02,€
884,2023-05-12 18:26:22,mercearia, Molho Mostarda com Mel Paladin ,0.25,L,2.64,10.56,€
885,2023-05-12 18:26:22,mercearia, Açúcar Branco Fino para Pastelaria Sidul ,1.0,KG,1.79,1.79,€
886,2023-05-12 18:26:22,mercearia, Chocolate para Culinária 70% de Cacau Pantagruel ,0.2,KG,2.84,14.2,€
887,2023-05-12 18:26:22,mercearia, Cereais de Mel Nestlé Nestlé Nestum ,0.3,KG,2.99,9.97,€
888,2023-05-12 18:26:22,mercearia, Bolachas de Água e Sal Gullón ,0.2,KG,0.79,3.95,€
889,2023-05-12 18:26:22,mercearia, Molho de Orégãos e Azeitonas Paladin ,0.25,L,2.38,9.52,€
890,2023-05-12 18:26:22,mercearia, Gelatina Light Mirtilo Royal ,0.031,KG,2.09,67.42,€
891,2023-05-12 18:26:22,mercearia, Açúcar Mascavado Sidul ,0.5,KG,1.79,3.58,€
892,2023-05-12 18:26:22,mercearia, Molho Pitta Paladin ,0.25,L,2.38,9.52,€
893,2023-05-12 18:26:22,mercearia, Creme de Chocolate e Avelã Major Cream ,0.75,KG,3.29,4.39,€
894,2023-05-12 18:26:22,mercearia, Molho de Soja Kikkoman ,0.15,L,4.49,29.93,€
895,2023-05-12 18:26:22,mercearia, Macadâmias Pingo Doce ,0.125,KG,3.49,27.92,€
896,2023-05-12 18:26:22,mercearia, Louro em Folha Pingo Doce ,0.007,KG,0.49,70.0,€
897,2023-05-12 18:26:22,mercearia, Batatas Fritas Ketchup Pingo Doce ,0.17,KG,1.24,7.29,€
898,2023-05-12 18:26:22,mercearia, Iogurte Saqueta de Banana Pingo Doce ,0.09,KG,0.79,8.78,€
899,2023-05-12 18:26:22,mercearia, Bolsa de Iogurte com Morango Banana Pingo Doce ,0.09,KG,0.79,8.78,€
900,2023-05-12 18:26:22,mercearia, Pimenta 5 Bagas com Moinho Pingo Doce ,0.035,KG,1.59,45.43,€
901,2023-05-12 18:26:22,mercearia, Creme Nutella ,0.2,KG,2.49,12.45,€
902,2023-05-12 18:26:22,mercearia, Molho de Alho Pingo Doce ,0.25,L,1.29,5.16,€
903,2023-05-12 18:26:22,mercearia, Cereais de Avelã Cacau e Baunilha Cerellin Simplu ,0.3,KG,8.95,29.83,€
904,2023-05-12 18:26:22,mercearia, Cereais de Caramelo Noz Pecan e Maçã Cerellin Simplu ,0.3,KG,8.95,29.83,€
905,2023-05-12 18:26:22,mercearia, Cereais de Framboesa Pistachio e Chocolate Branco Cerellin Simplu ,0.3,KG,8.95,29.83,€
906,2023-05-12 18:26:22,mercearia, Biscoitos de Cacau e Limão A Fornada Dulcissi ,0.4,KG,1.99,4.98,€
907,2023-05-12 18:26:22,mercearia, Gelatina Light Morango Royal ,0.031,KG,2.09,67.42,€
908,2023-05-12 18:26:22,mercearia, Bolachas Crackers Melts Cheese Carr's ,0.15,KG,2.89,19.27,€
909,2023-05-12 18:26:22,mercearia, Gelatina Light Frutos Tropicais Royal ,0.031,KG,2.09,67.42,€
910,2023-05-12 18:26:22,mercearia, Molho Vinagrete Paladin ,0.25,L,2.07,8.28,€
911,2023-05-12 18:26:22,mercearia, Molho Agridoce Paladin ,0.25,L,2.45,9.8,€
912,2023-05-12 18:26:22,mercearia, Molho de Alho Frito Paladin ,0.25,L,2.38,9.52,€
913,2023-05-12 18:26:22,mercearia, Molho de Iogurte e Hortelã Paladin ,0.25,L,2.38,9.52,€
914,2023-05-12 18:26:22,mercearia, Açúcar Moreno Intenso Sidul ,0.5,KG,1.69,3.38,€
915,2023-05-12 18:26:22,mercearia, Gelatina Light Melancia Royal ,0.031,KG,2.09,67.42,€
916,2023-05-12 18:26:22,mercearia, Gelatina Light Limão Royal ,0.031,KG,2.09,67.42,€
917,2023-05-12 18:26:22,mercearia, Bolsa de Fruta Maçã Gogo Squeez ,0.09,KG,1.04,11.56,€
918,2023-05-12 18:26:22,mercearia, Bolsa de Fruta Maçã e Banana Gogo Squeez ,0.09,KG,1.04,11.56,€
919,2023-05-12 18:26:22,mercearia, Bolsa de Fruta Maçã Morango Gogo Squeez ,0.09,KG,1.04,11.56,€
920,2023-05-12 18:26:22,mercearia, Tempero Segredos Alho e Salsa Margão ,0.043,KG,2.89,67.21,€
921,2023-05-12 18:26:22,mercearia, Gelatina Frutos do Bosque Royal ,0.031,KG,2.09,67.42,€
922,2023-05-12 18:26:22,mercearia, Bolsa de Fruta Maçã e Pêssego Gogo Squeez ,0.09,KG,1.04,11.56,€
923,2023-05-12 18:26:22,mercearia, Açúcar Amarelo Pingo Doce ,1.0,KG,1.59,1.59,€
924,2023-05-12 18:26:22,mercearia, Açúcar Branco Granulado Sidul ,1.0,KG,1.69,1.69,€
925,2023-05-12 18:26:22,mercearia, Tablete de Chocolate para Culinária 85% Cacau Pantagruel ,0.2,KG,2.99,14.95,€
927,2023-05-12 18:26:22,mercearia, Barras de Cereais Gold & Crash Pingo Doce ,0.15,KG,1.69,11.27,€
928,2023-05-12 18:26:22,mercearia, Sardinhas em Caldeirada Vasco da Gama ,0.12,KG,1.14,9.5,€
929,2023-05-12 18:26:22,mercearia, Sardinha em Escabeche Vasco da Gama ,0.12,KG,1.14,9.5,€
930,2023-05-12 18:26:22,mercearia, Sardinha em Óleo Bom Petisco ,0.12,KG,1.42,11.83,€
931,2023-05-12 18:26:22,mercearia, Sardinha em Azeite Bom Petisco ,0.12,KG,1.52,12.67,€
932,2023-05-12 18:26:22,mercearia, Sardinha em Tomate Picante Bom Petisco ,0.12,KG,1.42,11.83,€
933,2023-05-12 18:26:22,mercearia, Sardinha em Tomate Bom Petisco ,0.12,KG,1.42,11.83,€
934,2023-05-12 18:26:22,mercearia, Sardinha em Óleo Picante Bom Petisco ,0.12,KG,1.42,11.83,€
935,2023-05-12 18:26:22,mercearia, Granola Delícia de Caramelo Pingo Doce ,0.5,KG,2.69,5.38,€
936,2023-05-12 18:26:22,mercearia, Palitos de Champanhe Pingo Doce ,0.4,KG,1.99,4.98,€
937,2023-05-12 18:26:22,mercearia, Goiabada Predilecta ,0.5,KG,2.99,5.98,€
938,2023-05-12 18:26:22,mercearia, Sardinha sem Espinha e sem Pele Bom Petisco ,0.12,KG,2.8,23.33,€
939,2023-05-12 18:26:22,mercearia, Chocolate de Leite para Culinária Pantagruel ,0.2,KG,2.79,13.95,€
940,2023-05-12 18:26:22,mercearia, Chocolate para Culinária Pantagruel ,0.2,KG,1.79,8.95,€
941,2023-05-12 18:26:22,mercearia, Miolo de Pinhão Pingo Doce ,0.1,KG,9.99,99.9,€
942,2023-05-12 18:26:22,mercearia, Caju Frito com Piri-piri Pingo Doce ,0.2,KG,3.19,15.95,€
943,2023-05-12 18:26:22,mercearia, Levedura Fresca Original ,0.05,KG,0.65,13.0,€
944,2023-05-12 18:26:22,mercearia, Pistachios Torrados com Sal Eagle ,0.075,KG,2.59,34.53,€
945,2023-05-12 18:26:22,mercearia, Miolo de Amêndoa Torrada sem Pele Pingo Doce ,0.05,KG,0.99,19.8,€
946,2023-05-12 18:26:22,mercearia, Amendoim com Casca Torrado Pingo Doce ,0.5,KG,1.99,3.98,€
947,2023-05-12 18:26:22,mercearia, Miolo de Castanha do Brasil Pingo Doce ,0.2,KG,2.99,14.95,€
948,2023-05-12 18:26:22,mercearia, Miolo de Amendoim com Mel e Sal Pingo Doce ,0.2,KG,1.35,6.75,€
949,2023-05-12 18:26:22,mercearia, Mix Caju Avelã Amendoim Torrados Pingo Doce ,0.05,KG,0.99,19.8,€
950,2023-05-12 18:26:22,mercearia, Mix Caju Natural & Arandos Pingo Doce ,0.05,KG,0.99,19.8,€
951,2023-05-12 18:26:22,mercearia, Alperce Seco sem Caroço Pingo Doce ,0.15,KG,1.29,8.6,€
952,2023-05-12 18:26:22,mercearia, Bolachas de Milho Gran Pavesi ,0.15,KG,3.49,23.27,€
953,2023-05-12 18:26:22,mercearia, Bolsa de Fruta Maçã e Pêra Gogo Squeez ,0.09,KG,1.04,11.56,€
954,2023-05-12 18:26:22,mercearia, Bolsa de Fruta Maçã e Manga Gogo Squeez ,0.09,KG,1.04,11.56,€
955,2023-05-12 18:26:22,mercearia, Tablete Chocolate Dairy Milk Wholenut Cadbury ,0.18,KG,3.99,22.17,€
956,2023-05-12 18:26:22,mercearia, Tablete Chocolate Dairy Milk Fruit & Nut Cadbury ,0.18,KG,3.99,22.17,€
957,2023-05-12 18:26:22,mercearia, Tablete Chocolate Dairy Milk Cadbury ,0.18,KG,3.99,22.17,€
958,2023-05-12 18:26:22,mercearia, Bolachas com Recheio de Caramelo Twix ,0.144,KG,3.89,27.01,€
959,2023-05-12 18:26:22,mercearia, Tablete de Chocolate Crunchie Bits Cadbury ,0.18,KG,3.99,22.17,€
960,2023-05-12 18:26:22,mercearia, Cogumelos Laminados Pingo Doce ,0.355,KG,1.19,3.35,€
961,2023-05-12 18:26:22,mercearia, Bolachas Cookies & Cream Pingo Doce - 5 un ,0.22,KG,1.29,5.86,€
962,2023-05-12 18:26:22,mercearia, Tablete de Chocolate Confetti Milka ,0.1,KG,1.74,17.4,€
963,2023-05-12 18:26:22,mercearia, Coco Desidratado Laminado Frutop ,0.15,KG,1.89,12.6,€
964,2023-05-12 18:26:22,mercearia, Molho de Soja Kikkoman ,0.15,L,3.19,21.27,€
965,2023-05-12 18:26:22,mercearia, Tablete de Chocolate para Culinária com Adoçante Stevia Pantagruel ,0.2,KG,3.09,15.45,€
966,2023-05-12 18:26:22,mercearia, Sardinha em Óleo Vasco da Gama ,0.12,KG,1.14,9.5,€
967,2023-05-12 18:26:22,mercearia, Sardinha em Óleo Picante Vasco da Gama ,0.12,KG,1.14,9.5,€
968,2023-05-12 18:26:22,mercearia, Sardinha em Tomate Vasco da Gama ,0.12,KG,1.14,9.5,€
969,2023-05-12 18:26:22,mercearia, Sardinha em Tomate Picante Vasco da Gama ,0.12,KG,1.14,9.5,€
970,2023-05-12 18:26:22,mercearia, Molho de Soja Menos Sal Kikkoman ,0.15,L,4.49,29.93,€
971,2023-05-12 18:26:22,mercearia, Molho de Coentros e Alho Paladin ,0.25,L,2.38,9.52,€
972,2023-05-12 18:26:22,mercearia, Molho de Iogurte Paladin ,0.25,L,2.38,9.52,€
973,2023-05-12 18:26:22,mercearia, Molho Mil Ilhas Paladin ,0.25,L,2.38,9.52,€
974,2023-05-12 18:26:22,mercearia, Molho Teriyaki Kikkoman ,0.25,L,5.09,20.36,€
975,2023-05-12 18:26:22,mercearia, Alho Moído Bio Margão ,0.052,KG,3.89,74.81,€
976,2023-05-12 18:26:22,mercearia, Pimenta Preta Moída Bio Margão ,0.043,KG,3.69,85.81,€
977,2023-05-12 18:26:22,mercearia, Pistachios Torrados e Salgados Pingo Doce ,0.15,KG,2.24,14.93,€
978,2023-05-12 18:26:22,mercearia, Cereais Linha Pingo Doce ,0.5,KG,2.15,4.3,€
979,2023-05-12 18:26:22,mercearia, Milho Frito com Sal Pingo Doce ,0.15,KG,0.89,5.93,€
980,2023-05-12 18:26:22,mercearia, Bebida com Cereais e Café Pingo Doce ,0.2,KG,2.29,11.45,€
981,2023-05-12 18:26:22,mercearia, Azeitonas Verdes Descaroçadas Pingo Doce ,0.165,KG,0.99,6.0,€
982,2023-05-12 18:26:22,mercearia, Pastilha Elástica Senses Tropical Trident ,0.023,KG,0.99,43.04,€
983,2023-05-12 18:26:22,mercearia, Sal Marinho com Moinho Pingo Doce ,0.1,KG,1.39,13.9,€
984,2023-05-12 18:26:22,mercearia, Pimenta Preta com Moinho Pingo Doce ,0.045,KG,1.69,37.56,€
985,2023-05-12 18:26:22,mercearia, Snack Barritas Wafer de Chocolate Extrafino Nestlé ,0.034,KG,0.85,8.5,€
986,2023-05-12 18:26:22,mercearia, Polpa de Tomate Pingo Doce ,0.21,KG,0.43,2.05,€
987,2023-05-12 18:26:22,mercearia, Vinagrete Balsâmico com Mel Paladin ,0.25,L,2.45,9.8,€
988,2023-05-12 18:26:22,mercearia, Amêndoa sem Pele Biológico Pingo Doce ,0.15,KG,3.99,26.6,€
989,2023-05-12 18:26:22,mercearia, Pimenta Branca em Grão Margão ,0.017,KG,1.49,87.65,€
990,2023-05-12 18:26:22,mercearia, Bolachas de Azeitona Melts Carr's ,0.15,KG,2.89,19.27,€
991,2023-05-12 18:26:22,mercearia, Mix de Frutos Secos Natural Biológicos Pingo Doce ,0.15,KG,2.99,19.93,€
992,2023-05-12 18:26:22,mercearia, Tablete de Chocolate Proteína Pantagaruel ,0.2,KG,3.99,19.95,€
993,2023-05-12 18:26:22,mercearia, Tablete de Chocolate de Leite Dairy Milk Caramel Cadbury ,0.18,KG,3.99,22.17,€
994,2023-05-12 18:26:22,mercearia, Miolo de Noz Pecan Pingo Doce ,0.2,KG,3.69,18.45,€
995,2023-05-12 18:26:22,mercearia, Miolo de Avelã Pingo Doce ,0.15,KG,2.24,14.93,€
996,2023-05-12 18:26:22,mercearia, Sardinhas em Azeite Bio Bom Petisco ,0.12,KG,1.99,16.58,€
997,2023-05-12 18:26:22,mercearia, Sardinhas em Tomate Bio Bom Petisco ,0.12,KG,1.99,16.58,€
998,2023-05-12 18:26:22,mercearia, Molho Caril e Leite de Coco Paladin ,0.25,L,2.45,9.8,€
999,2023-05-12 18:26:22,mercearia, Maçã Desidatrada Pingo Doce ,0.04,KG,1.09,27.25,€
1000,2023-05-12 18:26:22,mercearia, Bolachas Choco Chips Moment Gullón ,0.225,KG,2.99,13.29,€
1001,2023-05-12 18:26:22,mercearia, Patê Tapa Negra La Piara ,0.075,KG,1.59,21.2,€
1002,2023-05-12 18:26:22,mercearia, Canela em Pau Especial Café Margão ,0.12,KG,8.69,72.42,€
1003,2023-05-12 18:26:22,mercearia, Oregãos em Folha Margão ,0.01,KG,1.79,179.0,€
1004,2023-05-12 18:26:22,mercearia, Pimentão Doce Margão ,0.04,KG,1.59,39.75,€
1005,2023-05-12 18:26:22,mercearia, Concentrado de Tomate Compal da Horta ,0.14,KG,1.29,9.21,€
1006,2023-05-12 18:26:22,mercearia, Polpa de Tomate com Cebola e Alho Compal da Horta ,0.5,KG,1.74,3.48,€
1007,2023-05-12 18:26:22,mercearia, Patê de Frango La Piara ,0.075,KG,1.84,24.53,€
1008,2023-05-12 18:26:22,mercearia, Grão de Bico Compal da Horta ,0.41,KG,1.29,3.15,€
1009,2023-05-12 18:26:22,mercearia, Feijão Frade Compal da Horta ,0.41,KG,1.29,3.15,€
1010,2023-05-12 18:26:22,mercearia, Feijão Manteiga Compal da Horta ,0.41,KG,1.29,3.15,€
1011,2023-05-12 18:26:22,mercearia, Feijão Preto Compal da Horta ,0.41,KG,1.29,3.15,€
1012,2023-05-12 18:26:22,mercearia, Ervilhas Compal da Horta ,0.41,KG,1.29,3.15,€
1013,2023-05-12 18:26:22,mercearia, Feijão Encarnado Compal da Horta ,0.41,KG,1.29,3.15,€
1014,2023-05-12 18:26:22,mercearia, Tempero Segredos Limão e Tomilho Margão ,0.043,KG,2.89,67.21,€
1015,2023-05-12 18:26:22,mercearia, Infusão Limão e Gengibre Twinings ,20.0,UN,3.99,0.2,€
1016,2023-05-12 18:26:22,mercearia, Chocolate Patrulha Pata Lacasitos ,0.02,KG,2.39,119.5,€
1017,2023-05-12 18:26:22,mercearia, Cominhos Moído Margão ,0.037,KG,2.79,75.41,€
1018,2023-05-12 18:26:22,mercearia, Canela Moída Margão ,0.039,KG,2.49,63.85,€
1019,2023-05-12 18:26:22,mercearia, Caril em Pó Margão ,0.042,KG,2.09,49.76,€
1020,2023-05-12 18:26:22,mercearia, Noz Moscada Moída Margão ,0.032,KG,2.69,84.06,€
1021,2023-05-12 18:26:22,mercearia, Paprika Margão ,0.04,KG,2.19,54.75,€
1022,2023-05-12 18:26:22,mercearia, Tomilho em Folha Margão ,0.011,KG,1.89,171.82,€
1023,2023-05-12 18:26:22,mercearia, Alcaparras Globo ,0.1,KG,1.59,15.9,€
1024,2023-05-12 18:26:22,mercearia, Bolachas Maria Cuétara - 4 un ,0.8,KG,2.89,3.61,€
1025,2023-05-12 18:26:22,mercearia, Maionese Pingo Doce ,0.207,KG,1.49,7.2,€
1026,2023-05-12 18:26:22,mercearia, Mousse de Chocolate de Leite Alsa ,0.15,KG,2.59,17.27,€
1027,2023-05-12 18:26:22,mercearia, Tablete de Chocolate e Caramelo Salgado Lindor Lindt ,0.1,KG,2.99,29.9,€
1028,2023-05-12 18:26:22,mercearia, Mini Sticks de Chocolate Negro com Recheio de Menta Iguarias Pingo Doce ,0.075,KG,1.79,23.87,€
1029,2023-05-12 18:26:22,mercearia, Bolachas Crepe Dentelle com Chocolate Iguarias Pingo Doce ,0.1,KG,1.69,16.9,€
1030,2023-05-12 18:26:22,mercearia, Açúcar Branco Granulado Pingo Doce ,1.0,KG,1.39,1.39,€
1031,2023-05-12 18:26:22,mercearia, Torrão Duro El Almendro ,0.075,KG,2.24,29.87,€
1032,2023-05-12 18:26:22,mercearia, Torrão Crocante de Chocolate El Almendro ,0.075,KG,2.24,29.87,€
1033,2023-05-12 18:26:22,mercearia, Patê de Caranguejo Bocadelia La Piara ,0.17,KG,3.19,18.76,€
1034,2023-05-12 18:26:22,mercearia, Bolachas Petit Biscuit com Chocolate Negro Pingo Doce ,0.15,KG,1.29,8.6,€
1035,2023-05-12 18:26:22,mercearia, Ervas Provence Margão ,0.018,KG,1.89,105.0,€
1036,2023-05-12 18:26:22,mercearia, Rolitos de Wafer Cuétara ,0.225,KG,3.99,17.73,€
1037,2023-05-12 18:26:22,mercearia, Açúcar Amarelo Sidul ,1.0,KG,1.89,1.89,€
1038,2023-05-12 18:26:22,mercearia, Molho Batatas Fritas Paladin ,0.275,L,2.29,8.33,€
1039,2023-05-12 18:26:22,mercearia, Bombons de Chocolate Recheados de Doce de Leite Delaviuda ,0.15,KG,3.19,21.27,€
1040,2023-05-12 18:26:22,mercearia, Molho Cocktail Levemente Picante Paladin ,0.275,L,2.35,8.55,€
1041,2023-05-12 18:26:22,mercearia, Bolachas Sortido Cuétara ,0.21,KG,3.39,16.14,€
1042,2023-05-12 18:26:22,mercearia, Bolachas Digestive Muesli Gullón ,0.365,KG,3.29,9.01,€
1043,2023-05-12 18:26:22,mercearia, Bolachas Digestive com Aveia e Chocolate Gullón ,0.425,KG,3.29,7.74,€
1044,2023-05-12 18:26:22,mercearia, Patê de Atum Bocadelia La Piara ,0.18,KG,3.19,17.72,€
1045,2023-05-12 18:26:22,mercearia, Feijão Branco Compal da Horta ,0.41,KG,1.29,3.15,€
1046,2023-05-12 18:26:22,mercearia, Polpa de Tomate Original Compal da Horta  - Pack 3 ,0.6,L,1.89,3.15,€
1047,2023-05-12 18:26:22,mercearia, Açafrão das Índias Margão ,0.037,KG,2.39,47.8,€
1048,2023-05-12 18:26:22,mercearia, Cebolinho Margão ,0.0025,KG,2.39,956.0,€
1049,2023-05-12 18:26:22,mercearia, Alecrim Margão ,0.023,KG,1.89,82.17,€
1050,2023-05-12 18:26:22,mercearia, Manjericão Margão ,0.011,KG,2.09,190.0,€
1051,2023-05-12 18:26:22,mercearia, Polpa  de Tomate Compal da Horta ,0.5,KG,1.59,3.18,€
1052,2023-05-12 18:26:22,mercearia, Polpa de Tomate Original Compal da Horta ,1.0,L,2.64,2.64,€
1053,2023-05-12 18:26:22,mercearia, Lentilhas Encarnadas Globo ,0.4,KG,1.24,3.1,€
1054,2023-05-12 18:26:22,mercearia, Batatas Fritas Light Lay's ,0.14,KG,2.15,15.36,€
1055,2023-05-12 18:26:22,mercearia, Mistura Alho e Ervas Aromáticas Segredos Margão ,0.04,KG,2.89,72.25,€
1056,2023-05-12 18:26:22,mercearia, Bombons de Chocolate e Avelã Delaviuda ,0.15,KG,3.19,21.27,€
1057,2023-05-12 18:26:22,mercearia, Chocolate em Pó Pantagruel ,0.125,KG,0.94,7.52,€
1058,2023-05-12 18:26:22,mercearia, Anis Estrelado Margão ,0.025,KG,3.69,147.6,€
1059,2023-05-12 18:26:22,mercearia, Recheio para Frango com Caril La Piara ,0.18,KG,3.19,17.72,€
1060,2023-05-12 18:26:22,mercearia, Chocolate White Bueno Kinder ,0.156,KG,3.49,22.37,€
1061,2023-05-12 18:26:22,mercearia, Bolachas Finas de Amêndoa Premium Iguarias Pingo Doce ,0.1,KG,1.89,18.9,€
1062,2023-05-12 18:26:22,mercearia, Chocolate Bueno Kinder - Pack 4 ,0.156,KG,3.49,22.37,€
1063,2023-05-12 18:26:22,mercearia, Piripiri Malagueta Grão Margão ,0.01,KG,1.09,109.0,€
1064,2023-05-12 18:26:22,mercearia, Gengibre Moído Margão ,0.022,KG,1.49,67.73,€
1065,2023-05-12 18:26:22,mercearia, Cravinho Grão Margão ,0.01,KG,1.39,139.0,€
1066,2023-05-12 18:26:22,mercearia, Infusão Rooibos Morango e Baunilha Twinings ,20.0,UN,3.99,0.2,€
1067,2023-05-12 18:26:22,mercearia, Preparado de Pão de Ló Branca de Neve ,0.435,KG,3.89,8.94,€
1068,2023-05-12 18:26:22,mercearia, Preparado para Bolo de Chocolate Branca de Neve ,0.45,KG,3.89,8.64,€
1069,2023-05-12 18:26:22,mercearia, Mostarda em Grãos Margão ,0.048,KG,2.09,43.54,€
1070,2023-05-12 18:26:22,mercearia, Hortelã Menta Margão ,0.009,KG,2.39,265.56,€
1071,2023-05-12 18:26:22,mercearia, Cardamomo em Grão Margão ,0.024,KG,5.29,220.42,€
1072,2023-05-12 18:26:22,mercearia, Bombons de Chocolate Negro Delaviuda ,0.15,KG,3.19,21.27,€
1073,2023-05-12 18:26:22,mercearia, Tomate Triturado Compal da Horta ,0.5,KG,1.74,3.48,€
1074,2023-05-12 18:26:22,mercearia, Wafer Avelã Balconi ,0.175,KG,1.54,8.8,€
1075,2023-05-12 18:26:22,mercearia, Fécula de Batata Globo ,0.25,KG,1.19,4.76,€
1076,2023-05-12 18:26:22,mercearia, Erva Doce Moída Margão ,0.025,KG,1.19,47.6,€
1077,2023-05-12 18:26:22,mercearia, Doce de Abóbora com Noz Iguarias Pingo Doce ,0.23,KG,1.99,8.65,€
1078,2023-05-12 18:26:22,mercearia, Infusão Pure Peppermint Twinings ,20.0,UN,3.59,0.18,€
1079,2023-05-12 18:26:22,mercearia, Hummus Ecológico La Piara ,0.2,KG,2.99,14.95,€
1080,2023-05-12 18:26:22,mercearia, Pastilha Chocolate Toy Minions Lacasitos ,0.02,KG,2.39,119.5,€
1081,2023-05-12 18:26:22,mercearia, Tablete de Chocolate Negro para Culinária ,0.2,KG,1.79,8.95,€
1083,2023-05-12 18:26:22,mercearia, Canela Moída Margão ,0.03,KG,1.79,59.67,€
1084,2023-05-12 18:26:22,mercearia, Azeitonas Pretas Oxidadas Rodelas Pingo Doce ,0.165,KG,1.09,6.61,€
1085,2023-05-12 18:26:22,mercearia, Coco Ralado Ferbar ,0.2,KG,1.89,9.45,€
1086,2023-05-12 18:26:22,mercearia, Erva Doce Moída Margão ,0.014,KG,0.74,52.86,€
1087,2023-05-12 18:26:22,mercearia, Gengibre Moído Margão ,0.012,KG,0.89,74.17,€
1088,2023-05-12 18:26:22,mercearia, Miolo de Noz em Metades Pingo Doce ,0.2,KG,2.49,12.45,€
1089,2023-05-12 18:26:22,mercearia, Flor de Sal do Algarve Iguarias Pingo Doce ,0.15,KG,1.09,7.27,€
1090,2023-05-12 18:26:22,mercearia, Molho de Francesinha com Piri Piri Sacana Paladin ,0.5,L,2.49,4.98,€
1091,2023-05-12 18:26:22,mercearia, Molho Wok Paladin ,0.25,L,2.19,8.76,€
1092,2023-05-12 18:26:22,mercearia, Molho Poke Bowl Paladin ,0.25,L,2.19,8.76,€
1093,2023-05-12 18:26:22,mercearia, Molho Srirache Paladin ,0.25,L,2.49,9.96,€
1094,2023-05-12 18:26:22,mercearia, Cravinho em Grão Margão ,0.022,KG,1.79,81.36,€
1095,2023-05-12 18:26:22,mercearia, Canela Moída Margão ,0.014,KG,1.69,120.71,€
1096,2023-05-12 18:26:22,mercearia, Bacalhau em Azeite e Alho Pitéu ,0.12,KG,3.3,27.5,€
1097,2023-05-12 18:26:22,mercearia, Infusão Collection Pack Twinings ,20.0,UN,4.49,0.22,€
1098,2023-05-12 18:26:22,mercearia, Petinga em Azeite Pitéu ,0.09,KG,2.25,25.0,€
1099,2023-05-12 18:26:22,mercearia, Gelatina Vegetal Ananás Alsa ,0.18,KG,2.99,16.61,€
1100,2023-05-12 18:26:22,mercearia, Doce de Castanha Trás-os-Montes Iguarias Pingo Doce ,0.23,KG,1.99,8.65,€
1101,2023-05-12 18:26:22,mercearia, Oregãos em Folhas Margão ,0.008,KG,1.09,136.25,€
1102,2023-05-12 18:26:22,mercearia, Pimentão Doce Margão ,0.035,KG,1.19,34.0,€
1103,2023-05-12 18:26:22,mercearia, Erva Doce em Grão Margão ,0.035,KG,1.39,39.71,€
1104,2023-05-12 18:26:22,mercearia, Tomilho em Folhas Margão ,0.011,KG,1.29,117.27,€
1105,2023-05-12 18:26:22,mercearia, Ervas Segredos de Aves Margão ,0.016,KG,2.19,136.88,€
1106,2023-05-12 18:26:22,mercearia, Paprika Fumada Margão ,0.035,KG,1.49,42.57,€
1107,2023-05-12 18:26:22,mercearia, Coentros em Grão Margão ,0.022,KG,2.39,108.64,€
1108,2023-05-12 18:26:22,mercearia, Mistura de Ervas Italianas Margão ,0.011,KG,2.29,208.18,€
1109,2023-05-12 18:26:22,mercearia, Pimentão Doce Colorau Margão ,0.06,KG,1.79,29.83,€
1110,2023-05-12 18:26:22,mercearia, Chupa-Chupa Melody Pops Morango Chups ,1.0,UN,1.19,1.19,€
1111,2023-05-12 18:26:22,mercearia, Bolachas Belgas Recheadas com Creme de Cacau e Avelã Pingo Doce ,0.1,KG,1.99,19.9,€
1112,2023-05-12 18:26:22,mercearia, Creme de Barrar Nutella ,0.6,KG,5.49,9.15,€
1113,2023-05-12 18:26:22,mercearia, Salsa Folhas Margão ,0.006,KG,1.29,215.0,€
1114,2023-05-12 18:26:22,mercearia, Noz Moscada Moída Margão ,0.045,KG,2.79,62.0,€
1115,2023-05-12 18:26:22,mercearia, Ervas de Provence Margão ,0.007,KG,0.79,112.86,€
1116,2023-05-12 18:26:22,mercearia, Manjericão Margão ,0.011,KG,1.19,108.18,€
1117,2023-05-12 18:26:22,mercearia, Alecrim Margão ,0.015,KG,1.49,99.33,€
1118,2023-05-12 18:26:22,mercearia, Cominhos Moídos Margão ,0.014,KG,0.99,70.71,€
1119,2023-05-12 18:26:22,mercearia, Ervas de Provence Margão ,0.025,KG,1.69,67.6,€
1120,2023-05-12 18:26:22,mercearia, Molho Teriyaki Paladin ,0.25,L,2.19,8.76,€
1121,2023-05-12 18:26:22,mercearia, Molho de Soja Paladin ,0.2,L,1.19,5.95,€
1122,2023-05-12 18:26:22,mercearia, Molho de Soja Limão e Gengibre Paladin ,0.2,L,1.89,9.45,€
1123,2023-05-12 18:26:22,mercearia, Molho Inglês Paladin ,0.2,L,1.75,8.75,€
1124,2023-05-12 18:26:22,mercearia, Mousse de Limão Branca de Neve ,0.125,KG,2.29,18.32,€
1125,2023-05-12 18:26:22,mercearia, Mousse de Café Branca de Neve ,0.14,KG,2.29,16.36,€
1126,2023-05-12 18:26:22,mercearia, Filetes de Cavala em Óleo Vegetal Pitéu ,0.12,KG,2.55,21.25,€
1127,2023-05-12 18:26:22,mercearia, Preparado de Bolo de Laranja Branca de Neve ,0.425,KG,3.89,9.15,€
1128,2023-05-12 18:26:22,mercearia, Canela Moída Margão ,0.06,KG,2.99,49.83,€
1129,2023-05-12 18:26:22,mercearia, Piripiri Malagueta Grão Margão ,0.005,KG,0.89,178.0,€
1130,2023-05-12 18:26:22,mercearia, Noz Moscada Grão Margão ,0.015,KG,1.49,99.33,€
1131,2023-05-12 18:26:22,mercearia, Pimentão Doce Colorau Margão ,0.015,KG,0.69,46.0,€
1132,2023-05-12 18:26:22,mercearia, Orégãos em Folha Margão ,0.018,KG,1.99,110.56,€
1133,2023-05-12 18:26:22,mercearia, Bagas de Zimbro Margão ,0.028,KG,2.49,88.93,€
1134,2023-05-12 18:26:22,mercearia, Coentros Moídos Margão ,0.03,KG,1.89,63.0,€
1135,2023-05-12 18:26:22,mercearia, Cravinho Moído Margão ,0.04,KG,2.59,64.75,€
1136,2023-05-12 18:26:22,mercearia, Bolachas Digestivas de Aveia e Laranja Gullon ,0.28,KG,3.29,11.75,€
1137,2023-05-12 18:26:22,mercearia, Bolachas Petit Biscuit Pingo Doce ,0.15,KG,1.29,8.6,€
1138,2023-05-12 18:26:22,mercearia, Bolachas Petit Biscuit com Chocolate de Leite Pingo Doce ,0.15,KG,1.29,8.6,€
1139,2023-05-12 18:26:22,mercearia, Bombons de Chocolate Recheados com Creme Jacquot ,0.1,KG,1.59,15.9,€
1140,2023-05-12 18:26:22,mercearia, Erva Doce em Grão Margão ,0.014,KG,0.99,70.71,€
1141,2023-05-12 18:26:22,mercearia, Cominhos Moídos Margão ,0.05,KG,1.69,33.8,€
1142,2023-05-12 18:26:22,mercearia, Caril Margão ,0.017,KG,1.09,64.12,€
1143,2023-05-12 18:26:22,mercearia, Canela em Pau Margão ,0.014,KG,1.99,142.14,€
1144,2023-05-12 18:26:22,mercearia, Pudim de Baunilha Alsa ,0.116,KG,2.34,20.17,€
1145,2023-05-12 18:26:22,mercearia, Queijadas de Leite Branca de Neve ,0.2,KG,2.79,13.95,€
1146,2023-05-12 18:26:22,mercearia, Cacau em Pó Magro Pantagruel ,0.125,KG,1.64,13.12,€
1147,2023-05-12 18:26:22,mercearia, Baba de Camelo Branca de Neve ,0.115,KG,2.69,23.39,€
1148,2023-05-12 18:26:22,mercearia, Panna Cotta Branca de Neve ,0.117,KG,1.99,17.01,€
1149,2023-05-12 18:26:22,mercearia, Tablete de ChocoLate Branco Ferrero Rocher ,0.09,KG,2.69,29.89,€
1150,2023-05-12 18:26:22,mercearia, Fermento de Padeiro Fermipan ,0.044,KG,1.89,42.95,€
1151,2023-05-12 18:26:22,mercearia, Cavalinha em Óleo Vegetal Pitéu ,0.12,KG,1.34,11.17,€
1152,2023-05-12 18:26:22,mercearia, Schoko-Bons Kinder ,0.125,KG,2.99,23.92,€
1153,2023-05-12 18:26:22,mercearia, Patê de Fiambre La Piara ,0.075,KG,1.84,24.53,€
1154,2023-05-12 18:26:22,mercearia, Pimentão Doce Margão ,0.075,KG,2.69,35.87,€
1155,2023-05-12 18:26:22,mercearia, Preparado para Bolo Mármore Branca de Neve ,0.45,KG,3.89,8.64,€
1156,2023-05-12 18:26:22,mercearia, Amêndoa Laminada Pingo Doce ,0.15,KG,1.99,13.27,€
1157,2023-05-12 18:26:22,mercearia, Amêndoa Palitada Pingo Doce ,0.15,KG,1.99,13.27,€
1158,2023-05-12 18:26:22,mercearia, Achocolatado em Pó Energy Cola Cao ,0.4,KG,3.29,8.23,€
1159,2023-05-12 18:26:22,mercearia, Milho Doce Ferbar ,0.45,KG,3.19,7.09,€
1160,2023-05-12 18:26:22,mercearia, Tablete de Chocolate Negro e Avelãs Ferrero Rocher ,0.09,KG,2.69,29.89,€
1161,2023-05-12 18:26:22,mercearia, Oregãos Folhas Margão ,0.004,KG,0.79,197.5,€
1162,2023-05-12 18:26:22,mercearia, Pastilha Elástica Peppermint Trident ,0.072,KG,3.29,45.69,€
1163,2023-05-12 18:26:22,mercearia, Pastilha Elástica Spearmint Trident ,0.072,KG,3.29,45.69,€
1164,2023-05-12 18:26:22,mercearia, Topping de Morango Branca de Neve ,0.365,KG,3.99,10.93,€
1165,2023-05-12 18:26:22,mercearia, Bacalhau em Azeite Virgem Extra e Alho Bom Petisco ,0.12,KG,4.15,34.58,€
1166,2023-05-12 18:26:22,mercearia, Filete de Cavala em Azeite Virgem Extra Bom Petisco ,0.12,KG,3.29,27.42,€
1167,2023-05-12 18:26:22,mercearia, Topping de Chocolate Belga Branca de Neve ,0.39,KG,3.99,10.23,€
1168,2023-05-12 18:26:22,mercearia, Caril em Pó Margão ,0.035,KG,1.49,42.57,€
1169,2023-05-12 18:26:22,mercearia, Paprika Margão ,0.035,KG,1.39,39.71,€
1170,2023-05-12 18:26:22,mercearia, Louro Margão ,0.006,KG,1.59,265.0,€
1171,2023-05-12 18:26:22,mercearia, Tablete de Chocolate Nutty Choco Wafer Milka ,0.27,KG,4.39,16.26,€
1172,2023-05-12 18:26:22,mercearia, Piripiri Moído Margão ,0.035,KG,1.39,39.71,€
1173,2023-05-12 18:26:22,mercearia, Topping de Chocolate Condi ,0.3,KG,3.09,10.3,€
1174,2023-05-12 18:26:22,mercearia, Topping de Caramelo Condi ,0.3,KG,3.09,10.3,€
1175,2023-05-12 18:26:22,mercearia, Topping de Morango Condi ,0.3,KG,3.09,10.3,€
1176,2023-05-12 18:26:22,mercearia, Doce de Abóbora Zero Pure Nature Casa da Prisca ,0.25,KG,3.59,14.36,€
1177,2023-05-12 18:26:22,mercearia, Doce de Morango Zero Pure Nature Casa da Prisca ,0.25,KG,3.24,12.96,€
1178,2023-05-12 18:26:22,mercearia, Doce de Tomate Zero Pure Nature Casa da Prisca ,0.25,KG,3.59,14.36,€
1179,2023-05-12 18:26:22,mercearia, Conjunto de Doces Miniaturas Zero Casa da Prisca ,0.09,KG,2.39,26.56,€
1180,2023-05-12 18:26:22,mercearia, Tablete de Chocolate com Avelãs sem Açúcar Canderel ,0.1,KG,2.49,24.9,€
1181,2023-05-12 18:26:22,mercearia, Atum em Piri-piri Ramirez ,0.12,KG,1.89,15.75,€
1182,2023-05-12 18:26:22,mercearia, Preparado para Bolo de Coco Condi ,0.45,KG,3.64,8.09,€
1183,2023-05-12 18:26:22,mercearia, Bolo Brigadeiro Condi ,0.63,KG,5.74,9.11,€
1184,2023-05-12 18:26:22,mercearia, Atum com Grão Ramirez ,0.12,KG,1.99,16.58,€
1185,2023-05-12 18:26:22,mercearia, Aroma Baunilha Condi ,0.025,L,1.64,65.6,€
1186,2023-05-12 18:26:22,mercearia, Chocolate de Leite Extrafino Nestlé ,0.02,KG,0.49,24.5,€
1187,2023-05-12 18:26:22,mercearia, Corante Alimentar Vermelho Condi ,0.025,L,1.64,65.6,€
1188,2023-05-12 18:26:22,mercearia, Bacalhau com Azeite e Alho Ramirez ,0.12,KG,2.99,24.92,€
1189,2023-05-12 18:26:22,mercearia, Tablete de Chocolate Negro e Sésamo Cote D'Or ,0.1,KG,2.79,27.9,€
1190,2023-05-12 18:26:22,mercearia, Tablete Chocolate Preto Extra 86% Côte D'Or ,0.1,KG,2.79,27.9,€
1191,2023-05-12 18:26:22,mercearia, Tablete de Chocolate Negro e Laranja Cote D'Or ,0.1,KG,2.79,27.9,€
1192,2023-05-12 18:26:22,mercearia, Sushi Nori Saitaku ,0.014,KG,2.19,156.43,€
1193,2023-05-12 18:26:22,mercearia, Pasta de Wasabi Saitaku ,0.043,KG,2.99,69.53,€
1194,2023-05-12 18:26:22,mercearia, Vinagre de Arroz Saitaku ,0.15,L,2.99,19.93,€
1195,2023-05-12 18:26:22,mercearia, Gengibre para Sushi Saitaku ,0.11,KG,3.99,36.27,€
1196,2023-05-12 18:26:22,mercearia, Panko Saitaku ,0.15,KG,2.99,19.93,€
1197,2023-05-12 18:26:22,mercearia, Molho Tamari Saitaku ,0.15,L,3.69,24.6,€
1198,2023-05-12 18:26:22,mercearia, Molho de Soja Saitaku ,0.15,L,3.49,23.27,€
1199,2023-05-12 18:26:22,mercearia, Sushi Kit Saitaku ,0.361,KG,9.99,27.67,€
1200,2023-05-12 18:26:22,mercearia, Molho Teriyaki Saitaku ,0.15,L,2.79,18.6,€
1201,2023-05-12 18:26:22,mercearia, Pectina Condi ,0.025,KG,2.09,83.6,€
1202,2023-05-12 18:26:22,mercearia, Barra de Chocolate Preto Cereais e Amêndoa Protein Regina ,0.027,KG,0.99,36.67,€
1203,2023-05-12 18:26:22,mercearia, Barra de Chocolate Preto 51% Cacau Protein Regina ,0.03,KG,0.99,33.0,€
1204,2023-05-12 18:26:22,mercearia, Canela em Pau Margão ,0.03,KG,2.79,93.0,€
1205,2023-05-12 18:26:22,mercearia, Preparado de Panquecas +Proteína Condi ,0.26,KG,4.34,16.69,€
1206,2023-05-12 18:26:22,mercearia, Noodles Udon Saitaku ,0.3,KG,2.69,8.97,€
1207,2023-05-12 18:26:22,mercearia, Farinha de Milho sem Glúten Ceifeira ,0.5,KG,0.69,1.38,€
1208,2023-05-12 18:26:22,mercearia, Filete de Atum em Azeite Tomate Seco e Manjericão Tenório ,0.12,KG,2.89,24.08,€
1209,2023-05-12 18:26:22,mercearia, Chocolate Granulado Condi ,0.026,KG,0.89,34.23,€
1210,2023-05-12 18:26:22,mercearia, Preparado Creme Custard Baunilha Condi ,0.15,KG,1.94,12.93,€
1211,2023-05-12 18:26:22,mercearia, Gelatina Neutra Condi ,0.02,KG,1.19,59.5,€
1212,2023-05-12 18:26:22,mercearia, Preparado Mousse de Chocolate Condi ,0.15,KG,1.99,13.27,€
1213,2023-05-12 18:26:22,mercearia, Preparado Mousse de Manga Condi ,0.08,KG,1.99,24.88,€
1214,2023-05-12 18:26:22,mercearia, Pudim Caseiro de Laranja Royal ,0.2,KG,1.99,9.95,€
1215,2023-05-12 18:26:22,mercearia, Cereais Cruesli Fruta Quaker ,0.375,KG,4.99,13.31,€
1216,2023-05-12 18:26:22,mercearia, Preparado de Brownie Condi ,0.37,KG,4.69,12.68,€
1217,2023-05-12 18:26:22,mercearia, Tablete de Chocolate com Cereais sem Açúcar Canderel ,0.1,KG,2.49,24.9,€
1218,2023-05-12 18:26:22,mercearia, Tablete Chocolate Negro Intenso Côte D'Or ,0.1,KG,2.79,27.9,€
1219,2023-05-12 18:26:22,mercearia, Bolachas Wafer de Canela Pingo Doce ,0.25,KG,1.44,5.76,€
1220,2023-05-12 18:26:22,mercearia, Bolachas de Água e Sal Pingo Doce ,0.125,KG,0.45,3.6,€
1221,2023-05-12 18:26:22,mercearia, Bombons de Chocolate de Leite Mignonnette Cote D'Or ,0.24,KG,5.99,24.96,€
1222,2023-05-12 18:26:22,mercearia, Bombons de Chocolate Negro Mignonette Cote D'Or ,0.24,KG,5.99,24.96,€
1223,2023-05-12 18:26:22,mercearia, Achocolatado em pó Intenso Nestlé ,0.33,KG,6.29,19.06,€
1224,2023-05-12 18:26:22,mercearia, Infusão de Laranja H2O Prozis ,0.072,KG,2.99,4.15,€
1225,2023-05-12 18:26:22,mercearia, Infusão de Limonada H2O Prozis ,0.072,KG,2.99,4.15,€
1226,2023-05-12 18:26:22,mercearia, Preparado de Tarte de Oreo Royal ,0.21,KG,3.99,18.56,€
1227,2023-05-12 18:26:22,mercearia, Gomas Dipper XL sabor Framboesa Vidal ,0.0105,KG,0.45,45.0,€
1228,2023-05-12 18:26:22,mercearia, Gomas Dipper Mini Sortidos Vidal ,0.275,KG,4.69,17.05,€
1229,2023-05-12 18:26:22,mercearia, Gomas Veggie Mallow Vidal ,0.15,KG,2.29,15.27,€
1230,2023-05-12 18:26:22,mercearia," Barra de Chocolate Preto, Quinoa e Banana Protein Regina ",0.027,KG,0.99,36.67,€
1231,2023-05-12 18:26:22,mercearia, Atum Assado à Algarvia Ramirez ,0.12,KG,2.19,18.25,€
1232,2023-05-12 18:26:22,mercearia, Fermento em Pó Royal ,0.08,KG,1.74,21.75,€
1233,2023-05-12 18:26:22,mercearia, Café Solúvel Pingo Doce ,10.0,UN,0.99,0.1,€
1234,2023-05-12 18:26:22,mercearia, Salsicha Alemã Pingo Doce - 5 un ,0.38,KG,2.49,6.55,€
1235,2023-05-12 18:26:22,mercearia, Bolachas Original Saqueta Chips Ahoy ,0.04,KG,0.99,24.75,€
1236,2023-05-12 18:26:22,mercearia, Aroma Líquido de Amêndoa Condi ,0.025,L,1.64,65.6,€
1237,2023-05-12 18:26:22,mercearia, Cremor Tártaro Condi ,0.05,KG,2.99,59.8,€
1238,2023-05-12 18:26:22,mercearia, Aroma Líquido de Morango Condi ,0.025,L,1.64,65.6,€
1239,2023-05-12 18:26:22,mercearia, Pudim de Ovos Condi ,0.12,KG,2.09,17.42,€
1240,2023-05-12 18:26:22,mercearia, Doce de Abóbora Casa da Prisca ,0.25,KG,3.39,13.56,€
1241,2023-05-12 18:26:22,mercearia, Doce de Morango Casa da Prisca ,0.25,KG,3.04,12.16,€
1242,2023-05-12 18:26:22,mercearia, Tablete de Chocolate de Leite Milka ,0.1,KG,1.74,17.4,€
1243,2023-05-12 18:26:22,mercearia, Muesli Goji e Mirtilos Quaker ,0.35,KG,4.99,14.26,€
1244,2023-05-12 18:26:22,mercearia, Doce de Frutos Vermelhos Casa da Prisca ,0.25,KG,3.04,12.16,€
1245,2023-05-12 18:26:22,mercearia, Marmelada Casa da Prisca ,0.17,KG,2.79,16.41,€
1246,2023-05-12 18:26:22,mercearia, Bolachas Shortcake Pingo Doce ,0.185,KG,1.09,5.89,€
1247,2023-05-12 18:26:22,mercearia, Folhas de Gelatina Vermelha Condi ,0.007,KG,1.19,170.0,€
1248,2023-05-12 18:26:22,mercearia, Napolitana de Chocolate Schoko Brotchen - 6 un ,0.27,KG,1.99,7.37,€
1249,2023-05-12 18:26:22,mercearia, Chocolate em Pó 70% Cacau Condi ,0.075,KG,1.45,19.33,€
1251,2023-05-12 18:26:22,mercearia, Bolo de Amêndoa Condi ,0.4,KG,2.69,6.73,€
1252,2023-05-12 18:26:22,mercearia, Bolo de Chocolate Condi ,0.4,KG,2.69,6.73,€
1253,2023-05-12 18:26:22,mercearia, Tablete de Chocolate de Leite com Amêndoas Canderel ,0.1,KG,2.49,24.9,€
1254,2023-05-12 18:26:22,mercearia, Corante Alimentar Azul Condi ,0.025,L,1.64,65.6,€
1255,2023-05-12 18:26:22,mercearia, Corante Alimentar Amarelo Condi ,0.025,L,1.64,65.6,€
1256,2023-05-12 18:26:22,mercearia, Corante Alimentar Verde Condi ,0.025,L,1.64,65.6,€
1257,2023-05-12 18:26:22,mercearia, Filete de Atum Selvagem em Limão Ramirez ,0.12,KG,2.39,19.92,€
1258,2023-05-12 18:26:22,mercearia, Aroma de Baunilha em Pó Condi ,0.012,KG,1.14,95.0,€
1259,2023-05-12 18:26:22,mercearia, Mini Bolachas Recheadas de Cacau Pingo Doce - 5 un ,0.21,KG,1.19,5.41,€
1260,2023-05-12 18:26:22,mercearia, Vagem de Baunilha Condi ,1.0,UN,6.79,6.79,€
1261,2023-05-12 18:26:22,mercearia, Snack de Chocolate de Leite Nestlé Crunch ,0.099,KG,2.19,22.12,€
1262,2023-05-12 18:26:22,mercearia, Bolachas com Recheio de Framboesa Soft Cakes Pingo Doce ,0.3,KG,1.79,5.97,€
1263,2023-05-12 18:26:22,mercearia, Tablete de Chocolate Caramelo e Bolacha Xtreme Extrafino Nestlé ,0.087,KG,1.59,18.28,€
1264,2023-05-12 18:26:22,mercearia, Pastilha Elástica Senses Berry Party Trident ,0.023,KG,0.99,43.04,€
1265,2023-05-12 18:26:22,mercearia, Filete de Anchova em Azeite Pitéu ,0.08,KG,2.82,35.25,€
1266,2023-05-12 18:26:22,mercearia, Leite de Coco Pingo Doce ,0.4,L,1.49,3.72,€
1267,2023-05-12 18:26:22,mercearia, Tostas Minigrill Diatosta ,0.35,KG,2.25,6.43,€
1268,2023-05-12 18:26:22,mercearia, Tostas Integrais Pingo Doce ,0.225,KG,0.84,3.73,€
1269,2023-05-12 18:26:22,mercearia, Tostas Integrais Tostagrill Diatosta ,0.23,KG,1.78,7.74,€
1270,2023-05-12 18:26:22,mercearia, Tostas de Trigo sem Sal Pingo Doce ,0.225,KG,0.75,3.33,€
1271,2023-05-12 18:26:22,mercearia, Mini Tostas Bimbo ,0.1,KG,1.78,17.8,€
1272,2023-05-12 18:26:22,mercearia, Mini Tostas Redondas Bimbo ,0.1,KG,1.78,17.8,€
1273,2023-05-12 18:26:22,mercearia, Patê de Atum Sólo Natural La Piara ,0.075,KG,1.96,26.13,€
1274,2023-05-12 18:26:22,mercearia, Tostas Pingo Doce ,0.225,KG,0.75,3.33,€
1275,2023-05-12 18:26:22,mercearia, Atum Posta em Azeite Bom Petisco ,0.12,KG,1.78,14.83,€
1276,2023-05-12 18:26:22,mercearia, Atum Posta ao Natural Bom Petisco ,0.12,KG,1.78,14.83,€
1277,2023-05-12 18:26:22,mercearia, Patê de Sardinha Sólo Natural La Piara ,0.075,KG,1.96,26.13,€
1278,2023-05-12 18:26:22,mercearia, Patê de Sardinha Pingo Doce ,0.088,KG,1.39,15.8,€
1279,2023-05-12 18:26:22,mercearia, Patê de Atum Pingo Doce ,0.088,KG,1.39,15.8,€
1280,2023-05-12 18:26:22,mercearia, Azeite Nossas Planícies Virgem Extra Pingo Doce ,3.0,L,16.97,5.66,€
1281,2023-05-12 18:26:22,mercearia, Atum Posta em Óleo Pingo Doce ,0.12,KG,0.93,7.75,€
1282,2023-05-12 18:26:22,mercearia, Tostas de Trigo Pingo Doce ,0.75,KG,2.16,2.88,€
1283,2023-05-12 18:26:22,mercearia, Mini Tostas Integrais Bimbo ,0.1,KG,1.78,17.8,€
1284,2023-05-12 18:26:22,mercearia, Massa Aletria Pingo Doce ,0.5,KG,1.12,2.24,€
1285,2023-05-12 18:26:22,mercearia, Massa Meada Pingo Doce ,0.5,KG,1.31,2.62,€
1286,2023-05-12 18:26:22,mercearia, Mini Tostas de Trigo Pingo Doce ,0.12,KG,0.84,7.0,€
1287,2023-05-12 18:26:22,mercearia, Mini Tostas Integrais Pingo Doce ,0.12,KG,0.84,7.0,€
1288,2023-05-12 18:26:22,mercearia, Tostas de Trigo Integral Pingo Doce ,0.75,KG,2.16,2.88,€
1289,2023-05-12 18:26:22,mercearia, Massa Macarrão Riscado Pingo Doce ,0.5,KG,0.93,1.86,€
1290,2023-05-12 18:26:22,mercearia, Azeite Nossas Planícies Virgem Extra Pingo Doce ,0.75,L,4.42,5.89,€
1291,2023-05-12 18:26:22,mercearia, Atum Posta ao Natural em Água Pingo Doce ,0.12,KG,0.93,7.75,€
1292,2023-05-12 18:26:22,mercearia, Massa Chinesa com Ovos Chow Noodles Globo ,0.25,KG,1.59,6.36,€
1293,2023-05-12 18:26:22,mercearia, Tostas de Trigo Tipo Sueca Pingo Doce ,0.225,KG,1.02,4.53,€
1294,2023-05-12 18:26:22,mercearia, Tostas Integrais Tipo Sueca Pingo Doce ,0.225,KG,1.22,5.42,€
1295,2023-05-12 18:26:22,mercearia, Azeite Virgem Extra DOP Moura ,0.75,L,5.93,7.91,€
1296,2023-05-12 18:26:22,mercearia, Mini Tostas Integrais Extrafinas Pingo Doce ,0.1,KG,1.11,11.1,€
1297,2023-05-12 18:26:22,mercearia, Mini Tostas Extrafinas Pingo Doce ,0.1,KG,1.11,11.1,€
1298,2023-05-12 18:26:22,mercearia, Mini Tostas de Trigo Pingo Doce ,0.35,KG,1.87,5.34,€
1299,2023-05-12 18:26:22,mercearia, Azeite Virgem Extra Clássico DOP Rosmaninho ,5.0,L,35.47,7.09,€
1300,2023-05-12 18:26:22,mercearia, Patê de Sardinha Gudi ,0.195,KG,4.09,20.97,€
1301,2023-05-12 18:26:22,mercearia, Massa Cotovelinhos Pingo Doce ,0.5,KG,0.93,1.86,€
1302,2023-05-12 18:26:22,mercearia, Arroz Basmati Cigala ,1.0,KG,2.82,2.82,€
1303,2023-05-12 18:26:22,mercearia, Patê de Sardinha com Azeitona Gudi ,0.065,KG,1.39,21.38,€
1304,2023-05-12 18:26:22,mercearia, Patê de Sardinha com Piri Piri Gudi ,0.065,KG,1.39,21.38,€
1305,2023-05-12 18:26:22,mercearia, Patê de Sardinha Gudi ,0.065,KG,1.39,21.38,€
1306,2023-05-12 18:26:22,mercearia, Patê de Atum Gudi ,0.065,KG,1.39,21.38,€
1307,2023-05-12 18:26:22,mercearia, Manteiga de Amêndoa Bio Seara ,0.23,KG,8.7,37.83,€
1308,2023-05-12 18:26:22,mercearia," Pãezinhos Tostados com Azeite, Alho e Salsa Pingo Doce ",0.16,KG,1.12,7.0,€
1309,2023-05-12 18:26:22,mercearia, Azeite Nossas Planícies Virgem Extra Pingo Doce ,0.25,L,2.44,9.76,€
1310,2023-05-12 18:26:22,mercearia, Bicarbonato Alimentar Vatel ,0.4,KG,1.89,4.73,€
1311,2023-05-12 18:26:22,mercearia, Atum em Óleo Bom Petisco ,0.385,KG,4.8,12.47,€
1312,2023-05-12 18:26:22,mercearia, Massa Noodles Koka ,0.375,KG,3.1,36.47,€
1313,2023-05-12 18:26:22,mercearia, Arroz Basmati Oriente ,1.0,KG,2.82,2.82,€
1314,2023-05-12 18:26:22,mercearia, Lulas Recheadas Pitéu ,0.12,KG,2.79,23.25,€
1315,2023-05-12 18:26:22,mercearia, Posta de Salmão ao Natural Ramirez ,0.11,KG,3.09,28.09,€
1316,2023-05-12 18:26:22,mercearia, Tostas com Alho e Salsa Biscottinas Rialto ,0.1,KG,1.78,17.8,€
1317,2023-05-12 18:26:22,mercearia, Atum Posta em Azeite Vasco da Gama ,0.385,KG,3.95,10.26,€
1318,2023-05-12 18:26:22,mercearia, Massa Esparguete Pingo Doce ,0.5,KG,0.75,1.5,€
1319,2023-05-12 18:26:22,mercearia, Pimenta 4 Bagas Bio com Moinho Margão ,0.025,KG,4.49,179.6,€
1320,2023-05-12 18:26:22,mercearia, Infusão Camomila Pure Twinings ,20.0,UN,3.59,0.18,€
1321,2023-05-12 18:26:22,mercearia, Atum Posta em Azeite dos Açores Pingo Doce ,0.12,KG,1.12,9.33,€
1322,2023-05-12 18:26:22,mercearia, Tostas de Centeio Sésamo Bio Clearspring ,0.2,KG,1.93,9.65,€
1323,2023-05-12 18:26:22,mercearia, Massa Macarronete Riscado Pingo Doce ,0.5,KG,0.93,1.86,€
1324,2023-05-12 18:26:22,mercearia, Croutons Azeite com Alho Pingo Doce ,0.1,KG,0.93,9.3,€
1325,2023-05-12 18:26:22,mercearia, Atum Posta em Azeite Pingo Doce ,0.385,KG,2.82,7.32,€
1326,2023-05-12 18:26:22,mercearia, Pota com Alho Pitéu ,0.12,KG,2.39,19.92,€
1327,2023-05-12 18:26:22,mercearia, Croutons Azeite Pingo Doce ,0.1,KG,0.93,9.3,€
1328,2023-05-12 18:26:22,mercearia, Massa Júnior Animais da Selva Pingo Doce ,0.5,KG,1.31,2.62,€
1329,2023-05-12 18:26:22,mercearia, Oregãos em Folha Melissa ,0.014,KG,0.75,53.57,€
1330,2023-05-12 18:26:22,mercearia, Ketchup Top Down Pingo Doce ,0.56,KG,1.29,2.3,€
1331,2023-05-12 18:26:22,mercearia, Massa Cuscus Pingo Doce ,0.25,KG,0.61,2.44,€
1332,2023-05-12 18:26:22,mercearia, Bolachas Crackers sem Glúten Schär ,0.21,KG,4.61,21.95,€
1333,2023-05-12 18:26:22,mercearia, Bolacha de Chocolate com Recheio sem Glúten Schar ,0.165,KG,3.62,21.94,€
1334,2023-05-12 18:26:22,mercearia, Pedaços Atum em Óleo Vegetal Vasco da Gama ,0.172,KG,2.11,12.27,€
1335,2023-05-12 18:26:22,mercearia, Feijão Encarnado Seco Pingo Doce ,0.5,KG,0.93,1.86,€
1336,2023-05-12 18:26:22,mercearia, Feijão Frade Seco Pingo Doce ,0.5,KG,0.93,1.86,€
1337,2023-05-12 18:26:22,mercearia, Grão de Bico Seco Pingo Doce ,0.5,KG,0.93,1.86,€
1338,2023-05-12 18:26:22,mercearia, Mel de Flores de Laranjeira do Algarve Serramel ,0.3,KG,3.57,11.9,€
1339,2023-05-12 18:26:22,mercearia, Pota em Molho de Caldeirada Pingo Doce ,0.11,KG,1.29,11.73,€
1340,2023-05-12 18:26:22,mercearia, Mexilhão em Escabeche Pingo Doce ,0.115,KG,1.44,12.52,€
1341,2023-05-12 18:26:22,mercearia, Ventresca de Atum em Azeite Pingo Doce ,0.11,KG,2.16,19.64,€
1342,2023-05-12 18:26:22,mercearia, Filetes de Atum Selvagem ao Natural Ramirez ,0.12,KG,2.25,18.75,€
1343,2023-05-12 18:26:22,mercearia, Massa Penne de Arroz Integral sem Glúten Bio Dalla Costa ,0.25,KG,2.63,10.52,€
1344,2023-05-12 18:26:22,mercearia, Bolachas Flatbread Alecrim e Sal Nairn's ,0.15,KG,2.44,16.27,€
1345,2023-05-12 18:26:22,mercearia, Atum em Azeite Bio Bom Petisco ,0.12,KG,1.97,16.42,€
1346,2023-05-12 18:26:22,mercearia, Pota em Caldeirada Pitéu ,0.12,KG,2.39,19.92,€
1347,2023-05-12 18:26:22,mercearia, Tostas Integrais Bimbo ,0.27,KG,1.64,6.07,€
1348,2023-05-12 18:26:22,mercearia, Tostas Clássicas Bimbo ,0.27,KG,1.64,6.07,€
1349,2023-05-12 18:26:22,mercearia, Patê de Sardinha com Azeitona Omega Gudi ,0.065,KG,1.89,29.08,€
1350,2023-05-12 18:26:22,mercearia, Patê de Atum com Abacate Omega Gudi ,0.065,KG,1.89,29.08,€
1351,2023-05-12 18:26:22,mercearia, Massa Macarronete de Amaranto Teff e Quinoa Vianeza ,0.25,KG,3.29,13.16,€
1352,2023-05-12 18:26:22,mercearia, Granola Cacau Coco e Avelã Simplu ,0.3,KG,8.25,27.5,€
1353,2023-05-12 18:26:22,mercearia, Granola Matcha Canela e Curcuma Simplu ,0.3,KG,8.25,27.5,€
1354,2023-05-12 18:26:22,mercearia, Arroz Agulha Integral Cigala ,1.0,KG,1.5,1.5,€
1355,2023-05-12 18:26:22,mercearia, Granola de Pitaya Morango e Jasmim Simplu ,0.3,KG,8.25,27.5,€
1356,2023-05-12 18:26:22,mercearia, Bolachas sem Glúten Chocolate Negro e Menta Nairn's ,0.16,KG,2.25,14.06,€
1357,2023-05-12 18:26:22,mercearia, Tostas com Farinha de Trigo Diatosta ,0.75,KG,3.38,4.51,€
1358,2023-05-12 18:26:22,mercearia, Tostas com Farinha de Trigo Integral Diatosta ,0.75,KG,3.38,4.51,€
1359,2023-05-12 18:26:22,mercearia, Tostas Normais Minigrill Diatosta ,0.09,KG,1.17,13.0,€
1360,2023-05-12 18:26:22,mercearia, Massa Bagos Pingo Doce ,0.25,KG,0.55,2.2,€
1361,2023-05-12 18:26:22,mercearia, Wafers Quadritos de Chocolate Preto sem Glúten Schar - 2 un ,0.04,KG,1.57,39.25,€
1362,2023-05-12 18:26:22,mercearia, Azeite Moura Virgem DOP ,5.0,L,31.87,6.37,€
1363,2023-05-12 18:26:22,mercearia, Massa Espirais Pingo Doce ,0.5,KG,0.83,1.66,€
1364,2023-05-12 18:26:22,mercearia, Massa Curvas Riscadas Pingo Doce ,0.5,KG,0.83,1.66,€
1365,2023-05-12 18:26:22,mercearia, Azeite Virgem Extra DOP Rosmaninho ,0.75,L,6.02,8.03,€
1366,2023-05-12 18:26:22,mercearia, Corn Flakes sem Glutén Schär ,0.25,KG,3.24,12.96,€
1367,2023-05-12 18:26:22,mercearia, Tostas Integrais com Sésamo Diese ,0.225,KG,3.57,15.87,€
1368,2023-05-12 18:26:22,mercearia, Massa Letras Pingo Doce ,0.25,KG,0.55,2.2,€
1369,2023-05-12 18:26:22,mercearia, Azeite Nossas Planícies Virgem Extra Não Filtrado Pingo Doce ,0.5,L,3.71,7.42,€
1370,2023-05-12 18:26:22,mercearia, Bolachas Digestivas sem Glúten com Chocolate Schar ,0.15,KG,3.52,23.47,€
1371,2023-05-12 18:26:22,mercearia, Muesli com Fruta sem Glúten Schär ,0.375,KG,5.74,15.31,€
1372,2023-05-12 18:26:22,mercearia, Croutons com Tomate e Orégãos Rialto ,0.075,KG,1.19,15.87,€
1373,2023-05-12 18:26:22,mercearia, Patê de Sardinha Pingo Doce ,0.065,KG,0.79,12.15,€
1374,2023-05-12 18:26:22,mercearia, Patê de Atum Pingo Doce ,0.065,KG,0.79,12.15,€
1375,2023-05-12 18:26:22,mercearia, Pão Crocante de Trigo Pingo Doce ,0.125,KG,1.12,8.96,€
1376,2023-05-12 18:26:22,mercearia, Pimenta Preta Bio com Moinho Margão ,0.03,KG,4.49,149.67,€
1377,2023-05-12 18:26:22,mercearia, Filete de Atum em Azeite Ramirez ,0.12,KG,2.25,18.75,€
1378,2023-05-12 18:26:22,mercearia, Filete de Atum em Azeite Vasco da Gama ,0.12,KG,2.16,18.0,€
1379,2023-05-12 18:26:22,mercearia, Noz com Casca Pingo Doce ,0.65,KG,3.64,5.6,€
1380,2023-05-12 18:26:22,mercearia, Miolo de Amendoim Torrado com Sal Pingo Doce ,0.2,KG,1.09,5.45,€
1381,2023-05-12 18:26:22,mercearia, Noodles de Camarão Copo Koala ,0.065,KG,1.02,15.69,€
1382,2023-05-12 18:26:22,mercearia, Noodles de Carne Copo Koala ,0.065,KG,1.02,15.69,€
1383,2023-05-12 18:26:22,mercearia, Noodles de Galinha Copo Koala ,0.065,KG,1.02,15.69,€
1384,2023-05-12 18:26:22,mercearia, Azeite Nossas Planícies Virgem Extra Não Filtrado Pingo Doce ,3.0,L,18.66,6.22,€
1385,2023-05-12 18:26:22,mercearia, Filete de Atum Selvagem em Azeite Bio Ramirez ,0.12,KG,2.72,22.67,€
1386,2023-05-12 18:26:22,mercearia, Croutons Clássicos Tostados Rialto ,0.075,KG,1.19,15.87,€
1387,2023-05-12 18:26:22,mercearia, Atum Natural Bom Petisco ,0.385,KG,5.36,13.92,€
1388,2023-05-12 18:26:22,mercearia, Mini Tostas Integrais Mini Grill Diatosta ,0.18,KG,1.87,10.39,€
1389,2023-05-12 18:26:22,mercearia, Tostas de Centeio Bio Clearspring ,0.2,KG,1.87,9.35,€
1390,2023-05-12 18:26:22,mercearia, Ventresca de Atum em Azeite Pitéu ,0.115,KG,4.23,36.78,€
1391,2023-05-12 18:26:22,mercearia, Azeite Virgem Extra Encostas D'Alqueva ,3.0,L,22.34,7.45,€
1392,2023-05-12 18:26:22,mercearia, Atum Posta em Azeite Bom Petisco ,0.385,KG,5.36,13.92,€
1393,2023-05-12 18:26:22,mercearia, Filete de Atum ao Natural Tenório ,0.12,KG,2.53,21.08,€
1394,2023-05-12 18:26:22,mercearia, Farinha sem Glúten Nacional ,0.5,KG,3.0,6.0,€
1395,2023-05-12 18:26:22,mercearia, Atum Filete ao Natural Tenório ,0.2,KG,4.57,22.85,€
1396,2023-05-12 18:26:22,mercearia, Atum Filete em Azeite Tenório ,0.2,KG,4.57,22.85,€
1397,2023-05-12 18:26:22,mercearia, Biscottinas Tomate e Oregãos Pingo Doce ,0.1,KG,1.21,12.1,€
1398,2023-05-12 18:26:22,mercearia, Massa Macarrão com Ervilhas Vianeza ,0.25,KG,4.23,16.92,€
1399,2023-05-12 18:26:22,mercearia, Massa Espirais de Trigo Sarraceno Vianeza ,0.25,KG,4.7,18.8,€
1400,2023-05-12 18:26:22,mercearia, Croutons Integrais Rialto ,0.075,KG,1.19,15.87,€
1401,2023-05-12 18:26:22,mercearia, Croutons Queijo e Sésamo Rialto ,0.075,KG,1.19,15.87,€
1402,2023-05-12 18:26:22,mercearia, Croutons com Alho e Salsa Rialto ,0.075,KG,1.19,15.87,€
1403,2023-05-12 18:26:22,mercearia, Massa Fusilli 5 Cereais Pingo Doce ,0.5,KG,1.16,2.32,€
1404,2023-05-12 18:26:22,mercearia, Castanha de Caju Natural Pingo Doce ,0.1,KG,1.39,13.9,€
1405,2023-05-12 18:26:22,mercearia, Amêndoa com Pele Pingo Doce ,0.15,KG,1.84,12.27,€
1406,2023-05-12 18:26:22,mercearia, Castanha de Caju Cru Biológico Pingo Doce ,0.15,KG,2.99,19.93,€
1407,2023-05-12 18:26:22,mercearia, Miolo de Noz Biológico Pingo Doce ,0.15,KG,2.49,16.6,€
1408,2023-05-12 18:26:22,mercearia, Tablete de Chocolate Preto com Avelãs Inteiras Pingo Doce ,0.1,KG,0.99,9.9,€
1409,2023-05-12 18:26:22,mercearia, Pudim de Morango Boca Doce ,0.022,KG,0.64,29.09,€
1410,2023-05-12 18:26:22,mercearia, Infusão Cidreira Lipton ,10.0,UN,1.14,0.11,€
1411,2023-05-12 18:26:22,mercearia, Infusão Tília Lipton ,10.0,UN,1.14,0.11,€
1412,2023-05-12 18:26:22,mercearia, Bolachas Original Chips Ahoy ,0.3,KG,3.79,12.63,€
1413,2023-05-12 18:26:22,mercearia, Café Grão Torrado Lote Superior Delta ,1.0,KG,16.49,16.49,€
1414,2023-05-12 18:26:22,mercearia, Drageias de Menta Suav Smint ,0.008,KG,1.49,186.25,€
1415,2023-05-12 18:26:22,mercearia, Drageias de Frutos Silvestres Smint ,0.008,KG,1.49,186.25,€
1416,2023-05-12 18:26:22,mercearia, Chupa-chupa The Best Of Chupa Chups ,10.0,UN,3.39,0.34,€
1417,2023-05-12 18:26:22,mercearia, Tablete de Chocolate Negro 70% Excellence Lindt ,0.1,KG,2.99,29.9,€
1418,2023-05-12 18:26:22,mercearia, Muesli Muesli Nozes de Seleção Quaker ,0.35,KG,4.99,14.26,€
1419,2023-05-12 18:26:22,mercearia, Gomas Sortidas Interdoces ,0.55,KG,4.44,8.07,€
1420,2023-05-12 18:26:22,mercearia, Gomas Sortidas com Açúcar Interdoces ,0.55,KG,4.44,8.07,€
1421,2023-05-12 18:26:22,mercearia, Pudim de Baunilha Boca Doce ,0.022,KG,0.64,29.09,€
1422,2023-05-12 18:26:22,mercearia, Pudim de Caramelo Boca Doce ,0.022,KG,0.64,29.09,€
1423,2023-05-12 18:26:22,mercearia, Pudim de Chocolate Boca Doce ,0.022,KG,0.64,29.09,€
1424,2023-05-12 18:26:22,mercearia, Caramelos Cappuccino sem Açúcar Werther's Original ,0.09,KG,3.25,36.11,€
1425,2023-05-12 18:26:22,mercearia, Creme de Lagosta Knorr ,0.061,KG,2.29,37.54,€
1426,2023-05-12 18:26:22,mercearia, Creme de Marisco Knorr ,0.072,KG,2.29,31.81,€
1427,2023-05-12 18:26:22,mercearia, Caldo de Carne Cubos Maggi - 16 un ,16.0,UN,3.29,0.21,€
1428,2023-05-12 18:26:22,mercearia, Wafer Avelã Balconi - 5 un ,0.225,KG,2.99,13.29,€
1429,2023-05-12 18:26:22,mercearia, Caldo de Galinha Cubos Maggi - 16 un ,16.0,UN,3.29,0.21,€
1430,2023-05-12 18:26:22,mercearia, Wafer Chocolate Balconi - 5 un ,0.225,KG,2.99,13.29,€
1431,2023-05-12 18:26:22,mercearia, Wafer Baunilha Balconi - 5 un ,0.225,KG,2.99,13.29,€
1432,2023-05-12 18:26:22,mercearia, Creme de Barrar Nutella ,0.35,KG,3.79,10.83,€
1433,2023-05-12 18:26:22,mercearia, Açúcar Mascavado Pingo Doce ,1.0,KG,2.39,2.39,€
1434,2023-05-12 18:26:22,mercearia, Batatas Fritas Receita Camponesa Lay´s ,0.25,KG,2.99,11.96,€
1435,2023-05-12 18:26:22,mercearia, Tempero de Alho Louro e Pimentão Knorr ,8.0,UN,2.49,0.31,€
1436,2023-05-12 18:26:22,mercearia, Tempero de Alho e Salsa Knorr ,8.0,UN,2.49,0.31,€
1437,2023-05-12 18:26:22,mercearia, Molho 3 Pimentas Heinz ,0.22,L,2.99,13.59,€
1438,2023-05-12 18:26:22,mercearia, Caramelos Creamy Filling Werther's Original ,0.135,KG,3.25,24.07,€
1439,2023-05-12 18:26:22,mercearia, Muesli de Frutas Crunchy Pingo Doce ,0.5,KG,2.49,4.98,€
1440,2023-05-12 18:26:22,mercearia, Mel D'Abelha Favo ,0.45,KG,3.14,6.98,€
1441,2023-05-12 18:26:22,mercearia, Rebuçados de Fruta Pingo Doce ,0.25,KG,1.49,5.96,€
1442,2023-05-12 18:26:22,mercearia, Rebuçados de Fruta com Recheio Pingo Doce ,0.25,KG,1.29,5.16,€
1443,2023-05-12 18:26:22,mercearia, Chocolate Amendoim e Milho Pops Kitkat ,0.11,KG,2.99,27.18,€
1444,2023-05-12 18:26:22,mercearia, Café Cápsulas Aromático 9 Pingo Doce ,30.0,UN,6.79,0.23,€
1445,2023-05-12 18:26:22,mercearia, Atum Posta ao Natural Homem do Leme ,0.11,KG,0.74,6.73,€
1446,2023-05-12 18:26:22,mercearia, Atum Posta em Óleo Homem do Leme ,0.11,KG,0.74,6.73,€
1447,2023-05-12 18:26:22,mercearia, Gomas Sortidas Ácidas Interdoces ,0.55,KG,4.44,8.07,€
1448,2023-05-12 18:26:22,mercearia, Sopa Crene de Abóbora e Batata Doce Gourmet Knorr ,0.07,KG,2.84,40.57,€
1449,2023-05-12 18:26:22,mercearia, Chocolate Leite Toblerone ,0.035,KG,1.05,30.0,€
1450,2023-05-12 18:26:22,mercearia, Farinha Maizena ,0.4,KG,2.59,6.48,€
1451,2023-05-12 18:26:22,mercearia, Café Torrado Moído Moagem Universal Espírito Santo Sical ,0.22,KG,4.49,20.41,€
1452,2023-05-12 18:26:22,mercearia, Café Torrado Moído Moagem Universal Santa Bárbara Sical ,0.22,KG,4.49,20.41,€
1453,2023-05-12 18:26:22,mercearia, Pasta Pot Carbonara Knorr ,0.062,KG,2.29,36.94,€
1454,2023-05-12 18:26:22,mercearia, Pasta Pot Bolonhesa Knorr ,0.068,KG,2.29,33.68,€
1455,2023-05-12 18:26:22,mercearia, Pasta Pot de Cogumelos Knorr ,0.07,KG,2.29,32.71,€
1456,2023-05-12 18:26:22,mercearia, Tablete de Chocolate de Leite com Caramelo Milka ,0.1,KG,1.74,17.4,€
1457,2023-05-12 18:26:22,mercearia, Tablete de Chocolate de Leite Oreo Milka ,0.1,KG,1.74,17.4,€
1458,2023-05-12 18:26:22,mercearia, Tablete de Chocolate de Leite Daim Milka ,0.1,KG,1.74,17.4,€
1459,2023-05-12 18:26:22,mercearia, Tablete de Chocolate de Leite Morango Milka ,0.1,KG,1.74,17.4,€
1460,2023-05-12 18:26:22,mercearia, Café Cápsulas Corposo 10 Pingo Doce ,30.0,UN,6.79,0.23,€
1461,2023-05-12 18:26:22,mercearia, Noodles Asia Chili Taste Knorr ,0.065,KG,2.29,35.23,€
1462,2023-05-12 18:26:22,mercearia, Pasta Pot Mac'n Cheese Knorr ,0.062,KG,2.29,36.94,€
1463,2023-05-12 18:26:22,mercearia, Preparado 123 Sabor Lasanha Knorr ,0.052,KG,1.54,29.62,€
1464,2023-05-12 18:26:22,mercearia, Preparado de Esparguete à Bolonhesa Knorr ,0.038,KG,1.54,40.53,€
1465,2023-05-12 18:26:22,mercearia, Chocolate M&M's ,0.4,KG,6.65,16.63,€
1466,2023-05-12 18:26:22,mercearia, Chocolate e Amendoim M&M's ,0.4,KG,6.65,16.63,€
1467,2023-05-12 18:26:22,mercearia, Gelatina Neutra Royal ,0.02,KG,1.29,64.5,€
1468,2023-05-12 18:26:22,mercearia, Drageias de Fruta Pez ,1.0,UN,3.44,3.44,€
1469,2023-05-12 18:26:22,mercearia, Sopa de Rabo de Boi Knorr ,0.071,KG,2.29,32.25,€
1470,2023-05-12 18:26:22,mercearia, Sopa de Cebola Knorr ,0.05,KG,2.29,45.8,€
1471,2023-05-12 18:26:22,mercearia," Suculento no Forno Entrecosto com Pimentão Doce, Alho e Mel Maggi ",0.03,KG,1.19,39.67,€
1472,2023-05-12 18:26:22,mercearia, Sopa de Tomate Knorr ,0.085,KG,2.29,26.94,€
1473,2023-05-12 18:26:22,mercearia, Gomas Favoritos com Açúcar Haribo ,0.09,KG,1.29,14.33,€
1474,2023-05-12 18:26:22,mercearia, Flocos de Milho Crocantíssimos com Chocolate Pingo Doce ,0.125,KG,1.79,14.32,€
1475,2023-05-12 18:26:22,mercearia, Café Cápsulas Ristretto Nescafé Dolce Gusto ,30.0,UN,11.49,0.38,€
1476,2023-05-12 18:26:22,mercearia, Chocolate Negro 70% Kitkat ,0.0415,KG,1.1,26.51,€
1477,2023-05-12 18:26:22,mercearia, Sopa de Massa e Lentilhas Knorr ,0.155,KG,3.14,20.26,€
1478,2023-05-12 18:26:22,mercearia, Tablete de Chocolate Negro Laranja e Amêndoas Pingo Doce ,0.1,KG,1.69,16.9,€
1479,2023-05-12 18:26:22,mercearia, Cocktail Frutos Secos Croc Aperitivo Seeberger ,0.15,KG,4.24,28.27,€
1480,2023-05-12 18:26:22,mercearia, Infusão Rooibos Pingo Doce ,20.0,UN,1.49,0.07,€
1481,2023-05-12 18:26:22,mercearia, Preparado 1-2-3 Strogonoff Knorr ,0.033,KG,1.54,46.67,€
1482,2023-05-12 18:26:22,mercearia, Café Torrado Moagem Universal Dak Lak Vietname Sical ,0.22,KG,4.49,20.41,€
1483,2023-05-12 18:26:22,mercearia, Farinha de Sêmola de Milho Espiga ,0.5,KG,1.29,2.58,€
1484,2023-05-12 18:26:22,mercearia, Farinha de Arroz Espiga ,0.5,KG,1.29,2.58,€
1485,2023-05-12 18:26:22,mercearia, Farinha de Milho Espiga ,0.5,KG,1.29,2.58,€
1486,2023-05-12 18:26:22,mercearia, Gomas Party Mix Vidal ,0.15,KG,2.39,15.93,€
1487,2023-05-12 18:26:22,mercearia, Cereais de Chocolate Chocapic ,1.0,KG,5.79,5.79,€
1488,2023-05-12 18:26:22,mercearia, Pudim de Ananás Boca Doce ,0.022,KG,0.64,29.09,€
1489,2023-05-12 18:26:22,mercearia, Sopa de Agrião Knorr ,0.053,KG,2.29,43.21,€
1490,2023-05-12 18:26:22,mercearia, Sopa de Legumes Knorr ,0.063,KG,2.29,36.35,€
1491,2023-05-12 18:26:22,mercearia, Canja de Galinha Receita Económica Knorr ,0.061,KG,1.59,26.07,€
1492,2023-05-12 18:26:22,mercearia, Farinha Tapioca Granulada Brasileira Globo ,0.25,KG,1.69,6.76,€
1493,2023-05-12 18:26:22,mercearia, Drageias de Fruta Skittles ,0.174,KG,3.39,19.48,€
1494,2023-05-12 18:26:22,mercearia, Drageias Crazy Sours Skittles ,0.174,KG,3.39,19.48,€
1495,2023-05-12 18:26:22,mercearia, Infusão Tília Pingo Doce ,25.0,UN,0.79,0.03,€
1496,2023-05-12 18:26:22,mercearia, Cocktail de Bagas e Frutos Secos Seeberger ,0.15,KG,4.29,28.6,€
1497,2023-05-12 18:26:22,mercearia, Cocktail Lux Seeberger ,0.15,KG,4.69,31.27,€
1498,2023-05-12 18:26:22,mercearia, Cocktail de Passas Luxe Seeberger ,0.15,KG,4.69,31.27,€
1499,2023-05-12 18:26:22,mercearia, Cocktail Frutos Secos Picantes Frutorra ,0.15,KG,2.29,15.27,€
1500,2023-05-12 18:26:22,mercearia, Snack Puffs Peanut Butter Urban Foods ,0.025,KG,1.39,55.6,€
1501,2023-05-12 18:26:22,mercearia, Snacks Caramel Peanuts Urban Foods ,0.05,KG,1.49,29.8,€
1502,2023-05-12 18:26:22,mercearia, Snacks Veggie Puffs Urban Foods ,0.022,KG,1.39,63.18,€
1503,2023-05-12 18:26:22,mercearia, Tablete de Chocolate Leite com Amêndoas Inteiras Pingo Doce ,0.2,KG,1.79,8.95,€
1504,2023-05-12 18:26:22,mercearia, Tablete de Chocolate Leite Pingo Doce ,0.2,KG,1.79,8.95,€
1505,2023-05-12 18:26:22,mercearia, Mix de Frutos Secos Pequeno-Almoço Frutorra ,0.15,KG,2.64,17.6,€
1506,2023-05-12 18:26:22,mercearia, Café Solúvel Creme Pingo Doce ,0.08,KG,2.09,26.12,€
1507,2023-05-12 18:26:22,mercearia, Farinha de Trigo Integral Espiga ,0.5,KG,1.06,2.12,€
1508,2023-05-12 18:26:22,mercearia, Café Grão Torrado Dak Lak Sical ,0.22,KG,4.49,20.41,€
1509,2023-05-12 18:26:22,mercearia, Gomas Sortidas Party Mix Pingo Doce ,0.4,KG,2.99,7.48,€
1510,2023-05-12 18:26:22,mercearia, Cereais Delice Flakes Nestlé Nat ,0.34,KG,3.59,10.56,€
1511,2023-05-12 18:26:22,mercearia, Leite Creme Royal ,0.092,KG,1.09,11.85,€
1512,2023-05-12 18:26:22,mercearia, Bolachas Cream Cracker Estilo Inglês Cuétara ,0.2,KG,1.39,6.95,€
1513,2023-05-12 18:26:22,mercearia, Azeite Casa Santa Vitória ,0.5,L,5.36,10.72,€
1514,2023-05-12 18:26:22,mercearia, Mistura de Frutos Secos Frutorra ,0.15,KG,2.99,19.93,€
1515,2023-05-12 18:26:22,mercearia, Café Cápsulas Expresso Intenso 7 Nescafé Dolce Gusto ,30.0,UN,11.49,0.38,€
1516,2023-05-12 18:26:22,mercearia, Caldo de Galinha Cubos Maggi - 6 un ,6.0,UN,1.39,0.23,€
1517,2023-05-12 18:26:22,mercearia, Tablete de Chocolate Branco com Oreo Milka ,0.1,KG,1.74,17.4,€
1518,2023-05-12 18:26:22,mercearia, Vinagre de Sidra 100% com Gengibre Paladin ,0.5,L,2.65,5.3,€
1519,2023-05-12 18:26:22,mercearia, Maionese de Coentrada Top Down Paladin ,0.275,L,2.4,8.73,€
1520,2023-05-12 18:26:22,mercearia, Tablete de Chocolate Extra Cacau Milka ,0.1,KG,1.74,17.4,€
1521,2023-05-12 18:26:22,mercearia, Gengibre Desidratado Frutop ,0.15,KG,1.99,13.27,€
1522,2023-05-12 18:26:22,mercearia, Snack Tortilha de Chia Zanuy ,0.13,KG,1.99,15.31,€
1523,2023-05-12 18:26:22,mercearia, Snack Tortilha de Beterraba Zanuy ,0.13,KG,1.99,15.31,€
1524,2023-05-12 18:26:22,mercearia, Caramelos Cream Candies Werther's Original ,0.135,KG,3.25,24.07,€
1525,2023-05-12 18:26:22,mercearia, Sardinha em Limão Ramirez ,0.125,KG,1.54,12.83,€
1526,2023-05-12 18:26:22,mercearia, Sopa Canja de Galinha Knorr ,0.068,KG,2.29,33.68,€
1527,2023-05-12 18:26:22,mercearia, Mix Frutos Secos Torrados sem Sal Seeberger ,0.15,KG,5.79,38.6,€
1528,2023-05-12 18:26:22,mercearia, Pastilha Elástica Fresh Peppermint Trident ,0.058,KG,2.79,48.1,€
1529,2023-05-12 18:26:22,mercearia, Ananás Pedaços Seeberger ,0.2,KG,3.94,19.7,€
1530,2023-05-12 18:26:22,mercearia, Mix Caraibas Seeberger ,0.2,KG,4.69,23.45,€
1531,2023-05-12 18:26:22,mercearia, Amendoim Torrado com sementes de Sésamo Seeberger ,0.15,KG,2.39,15.93,€
1532,2023-05-12 18:26:22,mercearia, Cereais de Espelta e Aveia Zero Nestlé Nestum ,0.25,KG,2.89,11.56,€
1533,2023-05-12 18:26:22,mercearia, Cereais de Mel Zero Nestlé Nestum ,0.25,KG,2.89,11.56,€
1534,2023-05-12 18:26:22,mercearia, Suculento no Forno Frango com Molho Barbecue Maggi ,0.032,KG,1.19,37.19,€
1535,2023-05-12 18:26:22,mercearia, Pastilha Elástica Melancia Big Bottle Pure Fresh Mentos ,0.06,KG,2.94,49.0,€
1536,2023-05-12 18:26:22,mercearia, Gomas Unicórnio Rolls Vidal ,0.019,KG,0.59,31.05,€
1537,2023-05-12 18:26:22,mercearia, Chocolate Délice Kinder ,0.039,KG,0.79,20.26,€
1538,2023-05-12 18:26:22,mercearia, Café Solúvel Sical ,0.2,KG,7.99,39.95,€
1539,2023-05-12 18:26:22,mercearia, Açúcar Branco Saquetas Pingo Doce ,200.0,UN,2.29,0.01,€
1540,2023-05-12 18:26:22,mercearia, Dióspiro Desidratado Seeberger ,0.11,KG,3.69,33.55,€
1541,2023-05-12 18:26:22,mercearia, Café Cápsulas com Caramelo Pingo Doce ,16.0,UN,4.39,34.3,€
1542,2023-05-12 18:26:22,mercearia, Café Cápsulas Canela Intensidade 7 Pingo Doce ,16.0,UN,4.39,0.27,€
1543,2023-05-12 18:26:22,mercearia, Café Cápsulas Aveludado Intensidade 6 Pingo Doce ,16.0,UN,4.29,0.27,€
1544,2023-05-12 18:26:22,mercearia, Mix de Frutos Secos Focus Frutorra ,0.1,KG,2.09,20.9,€
1545,2023-05-12 18:26:22,mercearia, Mix de Frutos Secos Veggie Frutorra ,0.1,KG,2.09,20.9,€
1546,2023-05-12 18:26:22,mercearia, Snack Chips Hummus Urban Foods ,0.035,KG,1.49,42.57,€
1547,2023-05-12 18:26:22,mercearia, Mix de Frutos Secos Energy Frutorra ,0.1,KG,2.09,20.9,€
1548,2023-05-12 18:26:22,mercearia, Pistachio Torrado sem Sal Frutorra ,0.15,KG,2.69,17.93,€
1549,2023-05-12 18:26:22,mercearia, Miolo de Noz Pecan Seeberger ,0.06,KG,3.24,54.0,€
1550,2023-05-12 18:26:22,mercearia, Miolo de Noz Portugal Frutorra ,0.125,KG,2.99,23.92,€
1551,2023-05-12 18:26:22,mercearia, Cereais de Multicerais Cheerios Nestlé ,0.375,KG,3.99,10.64,€
1552,2023-05-12 18:26:22,mercearia, Barra de Chocolate Maxi Kinder ,0.021,KG,0.59,28.1,€
1553,2023-05-12 18:26:22,mercearia, Miolo de Noz Metades Frutorra ,0.15,KG,3.09,20.6,€
1554,2023-05-12 18:26:22,mercearia, Caramelos Clássicos sem Açúcar Werther's Original ,0.09,KG,3.25,36.11,€
1555,2023-05-12 18:26:22,mercearia, Maionese Top Down Paladin ,0.45,L,3.09,6.87,€
1556,2023-05-12 18:26:22,mercearia, Massa Pot Tomate Mozarella Knorr ,0.062,KG,2.29,36.94,€
1557,2023-05-12 18:26:22,mercearia, Óleo Alimentar Apetite ,1.0,L,1.86,1.86,€
1558,2023-05-12 18:26:22,mercearia, Caramelo Líquido Royal ,0.4,KG,2.69,6.73,€
1559,2023-05-12 18:26:22,mercearia, Cereais de Mel Integrais Nestlé Nestum ,0.25,KG,2.89,11.56,€
1560,2023-05-12 18:26:22,mercearia, Sopa Thai Noodles Cogumelos e Coco Knorr ,0.069,KG,2.84,41.16,€
1561,2023-05-12 18:26:22,mercearia, Aperitivo Krit Krititas Cuétara ,0.35,KG,2.94,8.4,€
1562,2023-05-12 18:26:22,mercearia, Batatas Fritas Rodelas sem Glúten A Saloinha ,0.09,KG,0.85,9.44,€
1563,2023-05-12 18:26:22,mercearia, Snack Nougat Caldoce - 6 un ,0.18,KG,1.19,6.61,€
1564,2023-05-12 18:26:22,mercearia, Infusão Marrocos Lipton ,20.0,UN,3.24,0.16,€
1565,2023-05-12 18:26:22,mercearia, Batatas Fritas Palha ,0.2,KG,1.69,8.45,€
1566,2023-05-12 18:26:22,mercearia, Batatas Fritas Rodelas ,0.2,KG,1.69,8.45,€
1567,2023-05-12 18:26:22,mercearia, Schoko-Bons Kinder ,0.2,KG,3.99,19.95,€
1568,2023-05-12 18:26:22,mercearia, Farinha Amido de Milho Espiga ,0.5,KG,2.42,4.84,€
1569,2023-05-12 18:26:22,mercearia, Aperitivo Palitos Saltletts Lorenz ,0.15,KG,3.55,23.67,€
1570,2023-05-12 18:26:22,mercearia, Vinagre de Sidra em Spray Paladin ,0.25,L,1.49,5.96,€
1571,2023-05-12 18:26:22,mercearia, Vinagre de Vinho Tinto Paladin ,0.5,L,1.62,3.24,€
1572,2023-05-12 18:26:22,mercearia, Bolachas com Recheio Original Oreo - 10 un ,0.44,KG,3.99,9.07,€
1573,2023-05-12 18:26:22,mercearia, Tempero em Pó de Galinha Knorr ,0.135,KG,4.29,31.78,€
1574,2023-05-12 18:26:22,mercearia, Batatas Fritas Palha Finíssima Pingo Doce ,0.18,KG,1.59,8.83,€
1575,2023-05-12 18:26:22,mercearia, Bolo Snack com Recheio de Chocolate Chipicao -  4 un ,0.228,KG,3.29,14.43,€
1576,2023-05-12 18:26:22,mercearia, Caramelos com Pinhão El Caserio ,0.2,KG,3.99,19.95,€
1577,2023-05-12 18:26:22,mercearia, Cocktail de Caju e Arandos Seeberger ,0.15,KG,4.79,31.93,€
1578,2023-05-12 18:26:22,mercearia, Napolitana de Baunilha Schoko Brotchen - 6 un ,0.27,KG,1.99,7.24,€
1579,2023-05-12 18:26:22,mercearia, Tablete de Chocolate 70% e Laranja Passion Lindor Lindt ,0.1,KG,3.69,36.9,€
1580,2023-05-12 18:26:22,mercearia, Tablete de ChocoLate Ferrero Rocher ,0.09,KG,2.69,29.89,€
1581,2023-05-12 18:26:22,mercearia, Tablete de Chocoate Rafaello ,0.09,KG,2.69,29.89,€
1582,2023-05-12 18:26:22,mercearia, Café Cápsulas Original 8 Delta Q Bellissimo ,10.0,UN,3.99,0.4,€
1583,2023-05-12 18:26:22,mercearia, Café Cápsulas 10 Delta Q Bellissimo ,10.0,UN,3.99,0.4,€
1584,2023-05-12 18:26:22,mercearia, Descafeinado Cápsulas Intensidade 07 Delta Q ,10.0,UN,3.99,0.4,€
1585,2023-05-12 18:26:22,mercearia, Tarte Cheesecake Royal ,0.325,KG,4.29,13.2,€
1586,2023-05-12 18:26:22,mercearia, Tablete de Chocolate de Leite M&M's ,0.165,KG,3.39,20.55,€
1587,2023-05-12 18:26:22,mercearia, Tablete de Chocolate Block Crispy M&M's ,0.15,KG,3.39,22.6,€
1588,2023-05-12 18:26:22,mercearia, Tablete de Chocolate de Leite com Avelã M&M's ,0.165,KG,3.39,20.55,€
1589,2023-05-12 18:26:22,mercearia, Tablete de Chocolate de Leite com Amendoim M&M's ,0.165,KG,3.39,20.55,€
1590,2023-05-12 18:26:22,mercearia, Infusão de Sidra Erva Príncipe e Curcuma Pingo Doce ,0.3,L,1.79,5.97,€
1591,2023-05-12 18:26:22,mercearia, Infusão de Sidra Hibísco e Gengibre Pingo Doce ,0.3,L,1.79,5.97,€
1592,2023-05-12 18:26:22,mercearia, Tortilla Chips Sabor Queijo Mister Free'd ,0.135,KG,2.49,18.44,€
1593,2023-05-12 18:26:22,mercearia, Tortilla Chips Sabor Abacate Mister Free'd ,0.135,KG,2.49,18.44,€
1594,2023-05-12 18:26:22,mercearia, Rebuçados de Café Mini Villa ,0.2,KG,1.94,9.7,€
1595,2023-05-12 18:26:22,mercearia, Gomas Ursos de Ouro Haribo ,0.1,KG,1.29,12.9,€
1596,2023-05-12 18:26:22,mercearia, Café Cápsulas Sical 7 Nescafé Dolce Gusto ,30.0,UN,11.49,0.38,€
1597,2023-05-12 18:26:22,mercearia, Café Cápsulas Buondi 8 Nescafé Dolce Gusto ,30.0,UN,11.49,0.38,€
1598,2023-05-12 18:26:22,mercearia, Tablete de Chocolate de Leite Schogetten ,0.1,KG,1.09,10.9,€
1599,2023-05-12 18:26:22,mercearia, Tablete de Chocolate de Leite com Morango Schogetten ,0.1,KG,1.09,10.9,€
1600,2023-05-12 18:26:22,mercearia, Miolo de Pevide Cru Frutorra ,0.15,KG,1.69,11.27,€
1601,2023-05-12 18:26:22,mercearia, Tablete de Chocolate 90% Lindt Excellence ,0.1,KG,3.49,34.9,€
1602,2023-05-12 18:26:22,mercearia, Café Cápsulas Ristretto Barista 9 Nescafé Dolce Gusto ,30.0,UN,11.49,0.38,€
1603,2023-05-12 18:26:22,mercearia, Farinha Pan ,1.0,KG,2.65,2.65,€
1604,2023-05-12 18:26:22,mercearia, Gomas Sortidas Regaliz Interdoces ,0.15,KG,1.89,12.6,€
1605,2023-05-12 18:26:22,mercearia, Chupa Pirulito Interdoces ,0.15,KG,1.89,12.6,€
1606,2023-05-12 18:26:22,mercearia, Noodles de Bacon Knorr ,0.063,KG,1.54,24.44,€
1607,2023-05-12 18:26:22,mercearia, Barras de Cereais Chocolate e Avelã Belvita ,0.16,KG,3.69,8.89,€
1608,2023-05-12 18:26:22,mercearia, Chupa Flavour Playlist XXL Chupa Chups ,0.174,KG,3.69,21.21,€
1609,2023-05-12 18:26:22,mercearia, Maionese Top Down Paladin ,0.225,L,1.99,8.84,€
1610,2023-05-12 18:26:22,mercearia, Descafeinado Cápsulas Intenso Nescafé Dolce Gusto ,30.0,UN,11.49,0.38,€
1611,2023-05-12 18:26:22,mercearia, Tablete de Chocolate Negro 85% Excellence Lindt ,0.1,KG,2.99,29.9,€
1612,2023-05-12 18:26:22,mercearia, Pastilha Elástica Extreme Mentol Trident - Pack 4 ,0.056,KG,2.79,49.82,€
1613,2023-05-12 18:26:22,mercearia, Tablete de Chocolate Negro Intenso 70% Cacau Excellence Lindt ,0.1,KG,2.99,29.9,€
1614,2023-05-12 18:26:22,mercearia, Waffles de Liege Aurora - 4 un ,0.22,KG,2.49,11.32,€
1615,2023-05-12 18:26:22,mercearia, Tablete de Chocolate Preto 95% Cacau Pingo doce ,0.1,KG,1.49,14.9,€
1616,2023-05-12 18:26:22,mercearia, Cereais Super Pele Saudável Nestlé Nestum ,0.21,KG,3.75,17.86,€
1617,2023-05-12 18:26:22,mercearia, Café Cápsulas Sical 7 Nescafé Dolce Gusto - Mega Pack ,64.0,UN,18.99,0.3,€
1618,2023-05-12 18:26:22,mercearia, Cereais Super Digestão Nestlé Nestum ,0.21,KG,3.75,17.86,€
1619,2023-05-12 18:26:22,mercearia, Noodles Asia Chicken Taste Knorr ,0.065,KG,2.29,35.23,€
1620,2023-05-12 18:26:22,mercearia, Pasta Pot Noodles Asia Pato Knorr ,0.061,KG,2.29,37.54,€
1621,2023-05-12 18:26:22,mercearia, Suculento no Forno Frango com Alho e Cebola Maggi ,0.03,KG,1.19,39.67,€
1622,2023-05-12 18:26:22,mercearia, Molho American Burger Heinz ,0.22,L,2.99,13.59,€
1623,2023-05-12 18:26:22,mercearia, Suculento no Forno Frango com Ervas Aromáticas Maggi ,0.028,KG,1.19,42.5,€
1624,2023-05-12 18:26:22,mercearia, Sopa de Cozido Knorr ,0.069,KG,2.29,33.19,€
1625,2023-05-12 18:26:22,mercearia, Batatas Fritas Rodelas Saloinha ,0.2,KG,1.79,8.95,€
1626,2023-05-12 18:26:22,mercearia, Sopa de Cebola Receita Económica Knorr ,0.05,KG,1.59,31.8,€
1627,2023-05-12 18:26:22,mercearia, Gomas Tubo Mágico Morango Ácido Interdoces ,0.1,KG,1.54,15.4,€
1628,2023-05-12 18:26:22,mercearia, Puré de Batata Maggi ,0.25,KG,2.99,11.96,€
1629,2023-05-12 18:26:22,mercearia, Milho com Sal Sabor a Queijo Frutorra ,0.15,KG,0.99,6.6,€
1630,2023-05-12 18:26:22,mercearia, Amêndoa Granulada Frutorra ,0.15,KG,2.99,19.93,€
1631,2023-05-12 18:26:22,mercearia, Amêndoa sem Pele Frita com Sal Frutorra ,0.15,KG,2.99,19.93,€
1632,2023-05-12 18:26:22,mercearia, Banana Chips Frutorra ,0.15,KG,1.49,9.93,€
1633,2023-05-12 18:26:22,mercearia, Farinha de Amêndoa sem Pele Frutorra ,0.15,KG,2.99,19.93,€
1634,2023-05-12 18:26:22,mercearia, Schoko-Bons White Kinder ,0.2,KG,3.99,19.95,€
1635,2023-05-12 18:26:22,mercearia, Miolo de Noz Pecan Frutorra ,0.15,KG,4.19,27.93,€
1636,2023-05-12 18:26:22,mercearia, Tablete de Chocolate 99% Cacau Lindt Excellence ,0.05,KG,3.99,79.8,€
1637,2023-05-12 18:26:22,mercearia, Castanha do Maranhão Frutorra ,0.15,KG,2.99,19.93,€
1638,2023-05-12 18:26:22,mercearia, Caju Cru Frutorra ,0.15,KG,2.74,18.27,€
1639,2023-05-12 18:26:22,mercearia, Arandos Desidratados Frutorra ,0.15,KG,2.19,14.6,€
1640,2023-05-12 18:26:22,mercearia, Alperces Seeberger ,0.125,KG,2.99,23.92,€
1641,2023-05-12 18:26:22,mercearia, Pistacho Torrado com Sal Seeberger ,0.15,KG,5.09,33.93,€
1642,2023-05-12 18:26:22,mercearia, Miolo de Noz Seeberger ,0.15,KG,4.59,30.6,€
1643,2023-05-12 18:26:22,mercearia, Pão de Leite Manhãzitos ,8.0,UN,2.54,0.32,€
1644,2023-05-12 18:26:22,mercearia, Cereais Extra Chocolate Negro e Avelãs Torradas Kellogg's ,0.375,KG,4.39,11.71,€
1645,2023-05-12 18:26:22,mercearia, Cereais Extra Original Kellogg's ,0.375,KG,4.39,11.71,€
1646,2023-05-12 18:26:22,mercearia, Café Cápsulas Intenso 13 Pingo Doce ,16.0,UN,4.29,0.27,€
1647,2023-05-12 18:26:22,mercearia, Gomas Sortidos Vidal ,0.35,KG,3.99,11.4,€
1648,2023-05-12 18:26:22,mercearia, Gomas Jelly Beans Vidal ,0.085,KG,1.19,14.0,€
1649,2023-05-12 18:26:22,mercearia, Cereais Super Imunidade Nestlé Nestum ,0.21,KG,3.75,17.86,€
1650,2023-05-12 18:26:22,mercearia, Maionese do Mar Top Down Paladin ,0.45,L,2.89,6.42,€
1651,2023-05-12 18:26:22,mercearia, Maionese do Mar Top Down Paladin ,0.225,L,2.09,9.29,€
1652,2023-05-12 18:26:22,mercearia, Molho Sweet Chili Agridoce Pingo Doce ,0.2,L,1.49,7.45,€
1653,2023-05-12 18:26:22,mercearia, Molho Sriracha Picante Pingo Doce ,0.2,L,1.49,7.45,€
1654,2023-05-12 18:26:22,mercearia, Molho Teriyaki Pingo Doce ,0.2,L,1.49,7.45,€
1655,2023-05-12 18:26:22,mercearia, Bebida de Cereais Pingo Doce ,0.2,KG,2.09,10.45,€
1656,2023-05-12 18:26:22,mercearia, Cevada Solúvel Pingo Doce ,0.2,KG,1.99,9.95,€
1657,2023-05-12 18:26:22,mercearia, Descafeinado Cápsulas Pingo Doce ,16.0,UN,3.99,0.25,€
1658,2023-05-12 18:26:22,mercearia, Sopa de Cogumelos Selvagens Gourmet Knorr ,0.061,KG,2.84,46.56,€
1659,2023-05-12 18:26:22,mercearia, Tâmaras Seeberger ,0.2,KG,2.69,13.45,€
1660,2023-05-12 18:26:22,mercearia, Aperitivo Chips de Quinoa Eat Real ,0.08,KG,2.65,33.13,€
1661,2023-05-12 18:26:22,mercearia, Tablete de Chocolate de Leite com Avelãs Nestlé Extrafino ,0.123,KG,2.19,17.8,€
1662,2023-05-12 18:26:22,mercearia, Chocolate Cereali Kinder ,0.096,KG,1.99,2.07,€
1663,2023-05-12 18:26:22,mercearia, Miolo de Avelã Seeberger ,0.125,KG,3.64,0.03,€
1664,2023-05-12 18:26:22,mercearia, Tablete de Chocolate Preto 74% Cacau Pingo Doce ,0.1,KG,0.99,9.9,€
1665,2023-05-12 18:26:22,mercearia, Pimento Verde Inteiro Assado Campo Rico ,0.5,KG,2.99,5.98,€
1666,2023-05-12 18:26:22,mercearia, Amêndoa sem Pele Frutorra ,0.15,KG,2.99,19.93,€
1667,2023-05-12 18:26:22,mercearia, Pimento Vermelho Inteiro Assado Campo Rico ,0.5,KG,2.99,5.98,€
1668,2023-05-12 18:26:22,mercearia, Miolo de Pevide Torrada com Sal Frutorra ,0.15,KG,1.99,13.27,€
1669,2023-05-12 18:26:22,mercearia, Amendoim Frito Mel e Sal Frutorra ,0.15,KG,1.49,9.93,€
1670,2023-05-12 18:26:22,mercearia, Pevides Torradas com Sal Frutorra ,0.15,KG,1.49,9.93,€
1671,2023-05-12 18:26:22,mercearia, Pistachos Torrados com Sal Frutorra ,0.15,KG,2.49,16.6,€
1672,2023-05-12 18:26:22,mercearia, Fava Frita com Sal Pingo Doce ,0.15,KG,0.95,6.33,€
1673,2023-05-12 18:26:22,mercearia, Pão de Leite ,10.0,UN,2.99,0.3,€
1674,2023-05-12 18:26:22,mercearia, Cocktail de Frutos Secos Frutorra ,0.15,KG,1.99,13.27,€
1675,2023-05-12 18:26:22,mercearia, Caju Frito com Sal Frutorra ,0.15,KG,2.54,16.93,€
1676,2023-05-12 18:26:22,mercearia, Amêndoa com Pele Seeberger ,0.2,KG,5.99,29.95,€
1677,2023-05-12 18:26:22,mercearia, Mirtilos Vermelhos Seeberger ,0.125,KG,3.39,0.03,€
1678,2023-05-12 18:26:22,mercearia, Legumes em Tomate Pingo Doce ,0.38,KG,0.49,1.29,€
1679,2023-05-12 18:26:22,mercearia, Mix Especial Saladas Frutos Secos e Alperce Frutorra ,0.1,KG,1.99,19.9,€
1680,2023-05-12 18:26:22,mercearia, Amêndoa com Pele Frutorra ,0.05,KG,0.99,19.8,€
1681,2023-05-12 18:26:22,mercearia, Mix Especial Saladas Frutos Secos e Bagas de Goji Frutorra ,0.1,KG,1.99,19.9,€
1682,2023-05-12 18:26:22,mercearia, Mix Especial Saladas Frutos Secos e Arandos Frutorra ,0.1,KG,1.99,19.9,€
1683,2023-05-12 18:26:22,mercearia, Miolo de Avelã Frutorra ,0.05,KG,0.99,19.8,€
1684,2023-05-12 18:26:22,mercearia, Amendoim Torrado com Casca Frutorra ,0.5,KG,2.29,4.58,€
1685,2023-05-12 18:26:22,mercearia, Amêndoa de Portugal Frutorra ,0.15,KG,2.99,19.93,€
1686,2023-05-12 18:26:22,mercearia, Sardinha Selvagem em Azeite Bio Ramirez ,0.12,KG,2.19,18.25,€
1687,2023-05-12 18:26:22,mercearia, Filtros de Café Pingo Doce ,100.0,UN,1.29,0.01,€
1688,2023-05-12 18:26:22,mercearia, Preparado 123 Sabor Chili com Carne Knorr ,0.037,KG,1.54,41.62,€
1689,2023-05-12 18:26:22,mercearia, Caju Cru Seeberger ,0.2,KG,5.69,28.45,€
1690,2023-05-12 18:26:22,mercearia, Erva Doce ,0.075,KG,1.79,23.87,€
1691,2023-05-12 18:26:22,mercearia, Manjericão Embalado ,0.04,KG,1.49,37.25,€
1692,2023-05-12 18:26:22,mercearia, Caju Frito com Mel e Sal Frutorra ,0.15,KG,2.99,19.93,€
1693,2023-05-12 18:26:22,mercearia, Amendoim com Casca Seeberger ,0.4,KG,3.49,8.73,€
1694,2023-05-12 18:26:22,mercearia, Erva de Provence ,0.04,KG,1.49,37.25,€
1695,2023-05-12 18:26:22,mercearia, Louro Seco ,0.025,KG,1.49,59.6,€
1696,2023-05-12 18:26:22,mercearia, Oregãos Secos ,0.03,KG,1.49,49.67,€
1697,2023-05-12 18:26:22,mercearia, Amendoim Frito com Piri-piri Frutorra ,0.25,KG,1.49,5.96,€
1698,2023-05-12 18:26:22,mercearia, Amendoim Frito com Sal Frutorra ,0.25,KG,1.19,4.76,€
1699,2023-05-12 18:26:22,mercearia, Castanha do Maranhão Seeberger ,0.2,KG,3.29,16.45,€
1700,2023-05-12 18:26:22,mercearia, Barras de Cereais de Chocolate com Leite Nestlé Nesquik ,12.0,UN,5.29,0.44,€
1701,2023-05-12 18:26:22,mercearia, Barras de Cereais de Chocolate com Leite Nestlé Chocapic ,12.0,UN,5.29,0.44,€
1702,2023-05-12 18:26:22,mercearia, Cocktail Salgado Frutorra ,0.15,KG,1.99,13.27,€
1703,2023-05-12 18:26:22,mercearia, Bolo Snack com Recheio de Chocolate Chipicao -  6 un ,0.342,KG,4.29,12.54,€
1704,2023-05-12 18:26:22,mercearia, Bolachas Crackers Folhas Clássico Gran Pavesi ,0.19,KG,3.49,18.37,€
1705,2023-05-12 18:26:22,mercearia, Bolachas Crackers Folhas Crocantes com Azeitona Gran Pavesi ,0.16,KG,3.49,21.81,€
1706,2023-05-12 18:26:22,mercearia, Chupa-Chupa Sortido Pingo Doce ,0.15,KG,1.59,10.6,€
1707,2023-05-12 18:26:22,mercearia, Bolachas Matinais de Quinoa e Papoila Pingo Doce - 6 un ,0.3,KG,1.99,6.63,€
1708,2023-05-12 18:26:22,mercearia, Bolo Snack com Recheio de Chocolate Chipicao ,0.057,KG,1.09,19.12,€
1709,2023-05-12 18:26:22,mercearia, Gomas Regaliz Pica Vidal ,0.09,KG,1.39,13.9,€
1710,2023-05-12 18:26:22,mercearia, Noodles Classic Fusion Maggi ,0.121,KG,2.29,18.93,€
1711,2023-05-12 18:26:22,mercearia, Noodles de Frango Fusion Maggi ,0.121,KG,2.29,18.93,€
1712,2023-05-12 18:26:22,mercearia, Rebuçados Penha Recheio de Mel ,0.25,KG,2.99,11.96,€
1713,2023-05-12 18:26:22,mercearia, Café Cápsulas Intenso 10 Buondi ,30.0,UN,11.49,0.38,€
1714,2023-05-12 18:26:22,mercearia, Maçã Desidratada em Pó Pingo Doce ,0.17,KG,2.99,17.59,€
1715,2023-05-12 18:26:22,mercearia, Noz Moscada com Moinho Margão ,0.03,KG,4.49,149.67,€
1716,2023-05-12 18:26:22,mercearia, Rebuçados de Mentol Mouro ,0.25,KG,2.19,8.76,€
1717,2023-05-12 18:26:22,mercearia, Infusão Camomila Lipton ,10.0,UN,1.14,0.11,€
1718,2023-05-12 18:26:22,mercearia, Descafeinado Solúvel Pingo Doce ,0.1,KG,1.99,19.9,€
1719,2023-05-12 18:26:22,mercearia, Café Solúvel Pingo Doce ,0.1,KG,1.99,19.9,€
1720,2023-05-12 18:26:22,mercearia, Caramelos de Fruta Penha ,0.1,KG,1.5,15.0,€
1721,2023-05-12 18:26:22,mercearia, Fermento Royal ,0.113,KG,1.89,16.73,€
1722,2023-05-12 18:26:22,mercearia, Fermento Royal ,0.226,KG,3.59,15.88,€
1723,2023-05-12 18:26:22,mercearia, Farinha sem Fermento Tipo 65 Espiga ,1.0,KG,1.89,1.89,€
1724,2023-05-12 18:26:22,mercearia, Sopa de Espargos Knorr ,0.07,KG,2.29,32.71,€
1725,2023-05-12 18:26:22,mercearia, Chocolate Leite Toblerone ,0.1,KG,2.99,29.9,€
1726,2023-05-12 18:26:22,mercearia, Chocolate Branco Toblerone ,0.1,KG,2.99,29.9,€
1727,2023-05-12 18:26:22,mercearia, Snack de Chocolate Leite Toblerone ,0.2,KG,4.99,24.95,€
1728,2023-05-12 18:26:22,mercearia, Amendoim Torrado com Casca Frutorra ,1.0,KG,3.99,3.99,€
1729,2023-05-12 18:26:22,mercearia, Amêndoa com Pele Torrada Frutorra ,0.15,KG,2.99,19.93,€
1730,2023-05-12 18:26:22,mercearia, Café Torrado Moído Moagem Universal Tradição Sical ,0.25,KG,3.99,15.96,€
1731,2023-05-12 18:26:22,mercearia, Vinagre de Vinho Branco Paladin ,0.5,L,1.47,2.94,€
1732,2023-05-12 18:26:22,mercearia, Vinagre de Sidra Paladin ,0.5,L,1.43,2.86,€
1733,2023-05-12 18:26:22,mercearia, Amendoim com Mel Eagle ,0.25,KG,4.19,16.76,€
1734,2023-05-12 18:26:22,mercearia, Pasta Big Pot Carbonara Knorr ,0.092,KG,2.94,31.96,€
1735,2023-05-12 18:26:22,mercearia, Pasta Pot Big Bolonhesa Knorr ,0.088,KG,2.94,33.41,€
1736,2023-05-12 18:26:22,mercearia, Cereais de Chocolate Nestlé Nestum ,0.25,KG,2.89,11.56,€
1737,2023-05-12 18:26:22,mercearia, Galão Cápsulas Pingo Doce ,10.0,UN,2.69,0.27,€
1738,2023-05-12 18:26:22,mercearia, Cereais de Bolacha Maria Nestlé Nestum ,0.25,KG,2.89,11.56,€
1739,2023-05-12 18:26:22,mercearia, Rebuçados Mentol Nazaré ,0.25,KG,1.99,7.96,€
1740,2023-05-12 18:26:22,mercearia, Noodles Atração de Queijo Knorr ,0.061,KG,1.54,25.25,€
1741,2023-05-12 18:26:22,mercearia, Noodles Tentação de Galinha Knorr ,0.061,KG,1.54,25.25,€
1742,2023-05-12 18:26:22,mercearia, Chocolate Beijos de Morango Samba ,0.1,KG,1.14,11.4,€
1743,2023-05-12 18:26:22,mercearia, Pastilha Elástica White Spearmint Trident ,0.058,KG,2.79,48.1,€
1744,2023-05-12 18:26:22,mercearia, Chupa-Chups Mini ,35.0,UN,4.69,0.13,€
1745,2023-05-12 18:26:22,mercearia, Caramelos de Fruta Penha ,0.5,KG,5.8,11.6,€
1746,2023-05-12 18:26:22,mercearia, Snack Mini Rolls com Cacau Balconi - 6 un ,0.18,KG,1.49,8.28,€
1747,2023-05-12 18:26:22,mercearia, Cereais Cruesli 4 Nuts Quaker ,0.375,KG,4.99,13.31,€
1748,2023-05-12 18:26:22,mercearia, Cereais Cruesli Chocolate Quaker ,0.375,KG,4.99,13.31,€
1749,2023-05-12 18:26:22,mercearia, Creme à Base de Vinagre Balsâmico Paladin ,0.25,L,2.09,8.36,€
1750,2023-05-12 18:26:22,mercearia, Batatas Fritas Onduladas Originais Ruffles ,0.265,KG,2.99,11.28,€
1751,2023-05-12 18:26:22,mercearia, Rebuçados de Mentol e Eucalipto S. Xavier ,0.1,KG,1.09,10.9,€
1752,2023-05-12 18:26:22,mercearia, Tomate Passata Rústica Cirio ,0.68,KG,2.79,4.1,€
1753,2023-05-12 18:26:22,mercearia, Pastilha Elástica Fruit Morango Trident ,0.058,KG,2.79,48.1,€
1754,2023-05-12 18:26:22,mercearia, Pastilha Elástica Fresh Spearmint Trident ,0.058,KG,2.79,48.1,€
1755,2023-05-12 18:26:22,mercearia, Creme de Marisco Receita Económica Knorr ,0.06,KG,1.59,26.5,€
1756,2023-05-12 18:26:22,mercearia, Gomas Favoritos Classic Haribo ,0.09,KG,1.29,14.33,€
1757,2023-05-12 18:26:22,mercearia, Sultana Orange Frutorra ,0.25,KG,1.49,5.96,€
1758,2023-05-12 18:26:22,mercearia, Sopa Rabo de Boi Receita Económica Knorr ,0.06,KG,1.59,26.5,€
1759,2023-05-12 18:26:22,mercearia, Tablete de Chocolate 70% Caramelo e Sal Passion Lindor Lindt ,0.1,KG,3.69,36.9,€
1760,2023-05-12 18:26:22,mercearia, Tablete de Chocolate 70% e Framboesa Passion Lindor Lindt ,0.1,KG,3.69,36.9,€
1761,2023-05-12 18:26:22,mercearia, Farinha de Centeio Espiga ,0.5,KG,1.59,3.18,€
1762,2023-05-12 18:26:22,mercearia, Rebuçados de Café Nazaré ,0.25,KG,2.09,8.36,€
1763,2023-05-12 18:26:22,mercearia, Pastilha Elástica Fruit Frutos Silvestres Trident ,0.058,KG,2.79,48.1,€
1764,2023-05-12 18:26:22,mercearia, Molho de Alho Heinz ,0.22,L,2.99,13.59,€
1765,2023-05-12 18:26:22,mercearia, Folhas de Gelatina Jerónimos ,0.009,KG,0.94,104.44,€
1766,2023-05-12 18:26:22,mercearia, Molho de Caril e Manga Heinz ,0.22,L,2.99,13.59,€
1767,2023-05-12 18:26:22,mercearia, Molho de Churrasco Heinz ,0.22,L,2.99,13.59,€
1768,2023-05-12 18:26:22,mercearia, Molho Coktail Heinz ,0.22,L,2.99,13.59,€
1769,2023-05-12 18:26:22,mercearia, Sardinha Filete em Azeite Ramirez ,0.1,KG,2.09,20.9,€
1770,2023-05-12 18:26:22,mercearia, Sardinha Filete sem Espinha em Molho Rico Tomate Ramirez ,0.1,KG,1.99,19.9,€
1771,2023-05-12 18:26:22,mercearia, Caramelos de Leite Penha ,0.25,KG,2.99,11.96,€
1772,2023-05-12 18:26:22,mercearia, Snack de Chocolate Leite Toblerone ,0.36,KG,7.99,22.19,€
1773,2023-05-12 18:26:22,mercearia, Café Grão Lote Gold Supreme ,1.0,KG,8.39,8.39,€
1774,2023-05-12 18:26:22,mercearia, Schoko-Bons Kinder ,0.046,KG,1.19,25.87,€
1775,2023-05-12 18:26:22,mercearia, Café Cápsulas Ristretto Ardenza 11 Nescafé Dolce Gusto ,30.0,UN,11.49,0.38,€
1776,2023-05-12 18:26:22,mercearia, Vinagre de Arroz Paladin ,0.2,L,1.49,7.45,€
1777,2023-05-12 18:26:22,mercearia, Chocolate de Leite e Caramelo Chunky Kitkat ,0.0435,KG,1.1,32.35,€
1778,2023-05-12 18:26:22,mercearia, Tablete de Chocolate e Cookie M&M's ,0.165,KG,3.39,20.55,€
1779,2023-05-12 18:26:22,mercearia, Chupa Strawberry Love Chupa Chups ,0.12,KG,3.49,29.08,€
1780,2023-05-12 18:26:22,mercearia, Bolachas com Pepitas de Chocolate Milka ,0.135,KG,2.29,16.96,€
1781,2023-05-12 18:26:22,mercearia, Mix Frutos Secos com Chocolate Seeberger ,0.15,KG,4.29,28.6,€
1782,2023-05-12 18:26:22,mercearia, Barras de Cereais Corn Flakes Nestlé Go Free ,0.088,KG,1.87,21.25,€
1783,2023-05-12 18:26:22,mercearia, Ameixa Seca Seeberger ,0.2,KG,4.69,23.45,€
1784,2023-05-12 18:26:22,mercearia, Nozes de Macadâmia Seeberger ,0.125,KG,6.59,0.05,€
1785,2023-05-12 18:26:22,mercearia, Sultana Preta Seeberger ,0.2,KG,2.24,11.2,€
1786,2023-05-12 18:26:22,mercearia, Estragão Embalado ,0.02,KG,1.49,74.5,€
1787,2023-05-12 18:26:22,mercearia, Alecrim Embalado ,0.04,KG,1.49,37.25,€
1788,2023-05-12 18:26:22,mercearia, Café Moido Torrado Manizales Sical ,0.22,KG,4.49,20.41,€
1789,2023-05-12 18:26:22,mercearia, Noodles Teriyaki Maggi ,0.13,KG,2.29,17.62,€
1790,2023-05-12 18:26:22,mercearia, Noodles India Maggi ,0.118,KG,2.29,19.41,€
1791,2023-05-12 18:26:22,mercearia, Bombons Raffaello ,3.0,UN,1.39,0.46,€
1792,2023-05-12 18:26:22,mercearia, Banana às Rodelas Seeberger ,0.15,KG,2.24,14.93,€
1793,2023-05-12 18:26:22,mercearia, Fava Frita com Sal Frutorra ,0.15,KG,1.14,7.6,€
1794,2023-05-12 18:26:22,mercearia, Castanha do Maranhão Frutorra ,0.05,KG,0.99,19.8,€
1795,2023-05-12 18:26:22,mercearia, Miolo de Noz Frutorra ,0.035,KG,0.99,28.29,€
1796,2023-05-12 18:26:22,mercearia, Mistura de Frutos Secos Natural Frutorra ,0.045,KG,0.99,22.0,€
1797,2023-05-12 18:26:22,mercearia, Molho para Bolonhesa Pingo Doce ,0.34,KG,1.39,4.09,€
1798,2023-05-12 18:26:22,mercearia, Chocolate com Caramelo e Nougat Pingo Doce ,0.35,KG,1.89,5.4,€
1799,2023-05-12 18:26:22,mercearia, Doce de Frutos Silvestres Pingo Doce ,0.355,KG,1.69,4.76,€
1800,2023-05-12 18:26:22,mercearia, Chocolate Chocopintas Pingo Doce ,0.2,KG,1.59,7.95,€
1801,2023-05-12 18:26:22,mercearia, Rebuçados de Ice Tea + Teine Halls ,0.032,KG,0.94,29.37,€
1802,2023-05-12 18:26:22,mercearia, Doce de Cereja Pingo Doce ,0.355,KG,1.69,4.76,€
1803,2023-05-12 18:26:22,mercearia, Noz Moscada Moída Pingo Doce ,0.045,KG,1.15,25.56,€
1804,2023-05-12 18:26:22,mercearia, Caril Pingo Doce ,0.046,KG,0.69,15.0,€
1805,2023-05-12 18:26:22,mercearia, Grão Compal da Horta ,0.845,KG,1.99,2.36,€
1806,2023-05-12 18:26:22,mercearia, Feijão Preto Compal da Horta ,0.845,KG,1.99,2.36,€
1807,2023-05-12 18:26:22,mercearia, Feijão Branco Compal da Horta ,0.845,KG,1.99,2.36,€
1808,2023-05-12 18:26:22,mercearia, Feijão Encarnado Compal da Horta ,0.845,KG,1.99,2.36,€
1809,2023-05-12 18:26:22,mercearia, Feijão Manteiga Compal da Horta ,0.845,KG,1.99,2.36,€
1810,2023-05-12 18:26:22,mercearia, Feijão Frade Compal da Horta ,0.845,KG,1.99,2.36,€
1811,2023-05-12 18:26:22,mercearia, Cereais de Chocolate Nestlé Nesquik ,0.625,KG,4.99,7.98,€
1812,2023-05-12 18:26:22,mercearia, Aperitivo Nachips Old El Passo ,0.185,KG,2.99,16.16,€
1813,2023-05-12 18:26:22,mercearia, Tortilha Chips Fajita Old El Paso ,0.185,KG,2.94,15.89,€
1814,2023-05-12 18:26:22,mercearia, Snack Mix de Maçã Doce Crocante Fruut ,0.1,KG,2.29,22.9,€
1815,2023-05-12 18:26:22,mercearia, Massa Cotovelos Nacional ,0.5,KG,1.5,3.0,€
1816,2023-05-12 18:26:22,mercearia, Snack de Fruta Coco Fruut ,0.02,KG,0.99,49.5,€
1817,2023-05-12 18:26:22,mercearia, Bolachas de Chocolate Princesa Vieira de Castro ,0.2,KG,2.59,12.95,€
1818,2023-05-12 18:26:22,mercearia, Pastilhas Elásticas Melões Vidal ,0.09,KG,1.39,15.44,€
1819,2023-05-12 18:26:22,mercearia, Milho Doce Jerónimos ,0.34,KG,1.69,4.97,€
1820,2023-05-12 18:26:22,mercearia, Granola Suprema 5 sementes Cem Porcento ,0.5,KG,4.49,8.98,€
1821,2023-05-12 18:26:22,mercearia, Gomas Amoras Vidal ,0.09,KG,1.39,1.54,€
1822,2023-05-12 18:26:22,mercearia, Gomas Unicórnios Vidal ,0.09,KG,1.39,1.54,€
1823,2023-05-12 18:26:22,mercearia, Gomas Mega Sweet Mix Vidal ,0.09,KG,1.39,1.54,€
1824,2023-05-12 18:26:22,mercearia, Gomas Talhadas Melancia Vidal ,0.09,KG,1.39,1.54,€
1825,2023-05-12 18:26:22,mercearia, Farinha de Amêndoa Salutem ,0.2,KG,3.99,19.95,€
1826,2023-05-12 18:26:22,mercearia, Massa Macarrão Bio Nacional ,0.5,KG,1.78,3.56,€
1827,2023-05-12 18:26:22,mercearia, Argolinhas Integrais de Laranja e Gengibre Pingo Doce ,0.1,KG,1.19,11.9,€
1828,2023-05-12 18:26:22,mercearia, Farofa Pronta Sabor Picanha Ferbar ,0.25,KG,2.49,9.96,€
1829,2023-05-12 18:26:22,mercearia, Farofa pronta Sabor Bacon Ferbar ,0.25,KG,2.49,9.96,€
1830,2023-05-12 18:26:22,mercearia, Ketchup à Portuguesa Top Down Paladin ,0.25,KG,1.59,6.36,€
1831,2023-05-12 18:26:22,mercearia, Doce de Abóbora e Noz Casa de Mateus ,0.345,KG,3.99,11.57,€
1832,2023-05-12 18:26:22,mercearia, Tablete de Chocolate 85% Cacau Regina ,0.1,KG,2.14,21.4,€
1833,2023-05-12 18:26:22,mercearia, Tablete de Chocolate 100% Cacau Regina ,0.1,KG,2.24,22.4,€
1834,2023-05-12 18:26:22,mercearia, Atum Posta ao Natural Pingo Doce ,0.385,KG,2.59,6.73,€
1835,2023-05-12 18:26:22,mercearia, Madalenas de Chocolate sem Glúten Pingo Doce ,0.18,KG,1.87,10.39,€
1836,2023-05-12 18:26:22,mercearia, Madalenas Clássicas sem Glúten Pingo Doce ,0.16,KG,1.78,11.13,€
1837,2023-05-12 18:26:22,mercearia, Maionese de Alho Top Down Calvé ,0.25,KG,2.79,11.16,€
1838,2023-05-12 18:26:22,mercearia, Mostarda Top Down Calvé ,0.257,KG,2.59,10.08,€
1839,2023-05-12 18:26:22,mercearia, Massa Fusilli Nº48 sem Glúten Rummo ,0.4,KG,2.91,7.28,€
1840,2023-05-12 18:26:22,mercearia, Tablete de Chocolate Negro e Café sem Açúcar Pingo Doce ,0.1,KG,1.69,16.9,€
1841,2023-05-12 18:26:22,mercearia, Bolo Snack Choco Brownie Milka - 6 un ,0.15,KG,2.65,17.67,€
1842,2023-05-12 18:26:22,mercearia, Chá Preto English Breakfast Lipton ,20.0,UN,2.54,0.13,€
1843,2023-05-12 18:26:22,mercearia, Maionese com Azeite Vianeza ,0.45,L,4.99,11.09,€
1844,2023-05-12 18:26:22,mercearia, Chá Preto Descafeinado Yellow Label Lipton ,20.0,UN,2.19,0.11,€
1845,2023-05-12 18:26:22,mercearia, Massa Macarrão Riscado Nacional ,0.5,KG,1.5,3.0,€
1846,2023-05-12 18:26:22,mercearia, Massa Macarronete Nacional ,0.5,KG,1.5,3.0,€
1847,2023-05-12 18:26:22,mercearia, Mostarda Original Top Down Savora ,0.23,KG,2.09,9.09,€
1848,2023-05-12 18:26:22,mercearia, Manteiga de Amendoim Calvé ,1.0,KG,8.49,8.49,€
1849,2023-05-12 18:26:22,mercearia, Bolachas com Recheio Golden Mini Oreo - 4 un ,0.16,KG,2.29,14.31,€
1850,2023-05-12 18:26:22,mercearia, Atum Posta em Azeite Dorita ,0.11,KG,0.93,8.45,€
1851,2023-05-12 18:26:22,mercearia, Infusão de Alcachofra e Dente de Leão Cem Porcento ,10.0,UN,0.89,0.09,€
1852,2023-05-12 18:26:22,mercearia, Batatas Fritas Palha Pála-Pála ,0.4,KG,3.29,8.23,€
1853,2023-05-12 18:26:22,mercearia, Chocolate Branco Twix ,0.046,KG,1.15,25.0,€
1854,2023-05-12 18:26:22,mercearia, Chocolate Branco Chunky Kitkat ,0.16,KG,3.89,24.31,€
1855,2023-05-12 18:26:22,mercearia, Farinha Trigo e Alfarroba Nacional ,1.0,KG,2.45,2.45,€
1856,2023-05-12 18:26:22,mercearia, Gomas Dulcitar Morango Vidal ,0.09,KG,1.39,1.54,€
1857,2023-05-12 18:26:22,mercearia, Açúcar de Coco Bio Cem Porcento ,0.25,KG,3.49,13.96,€
1858,2023-05-12 18:26:22,mercearia, Café Cápsulas Lungo Nespresso Illy ,10.0,UN,5.19,0.52,€
1859,2023-05-12 18:26:22,mercearia, Tapioca Massa Pronta Vegan Ferbar ,0.4,KG,4.25,10.63,€
1860,2023-05-12 18:26:22,mercearia, Tapioca Granulada Vegan Ferbar ,0.2,KG,1.49,7.45,€
1861,2023-05-12 18:26:22,mercearia, Café Cápsulas Clássico Nespresso Illy ,10.0,UN,5.19,0.52,€
1862,2023-05-12 18:26:22,mercearia, Café Cápsulas Forte Nespresso Illy ,10.0,UN,5.19,0.52,€
1863,2023-05-12 18:26:22,mercearia, Café Cápsulas Intenso Nespresso Illy ,10.0,UN,5.19,0.52,€
1864,2023-05-12 18:26:22,mercearia, Tablete de Chocolate Branco Original Lindt ,0.1,KG,2.99,29.9,€
1865,2023-05-12 18:26:22,mercearia, Doce de Pêssego Casa Mateus ,0.33,KG,3.99,12.09,€
1866,2023-05-12 18:26:22,mercearia, Café Cápsulas Expresso Intenso 7 Nescafé Dolce Gusto ,48.0,UN,15.99,0.33,€
1867,2023-05-12 18:26:22,mercearia, Tortilhas Chips de Queijo Old El Passo ,0.185,KG,2.99,16.16,€
1868,2023-05-12 18:26:22,mercearia, Manteiga de Amendoim Cremosa Go Active Pingo Doce ,0.75,KG,3.24,4.32,€
1869,2023-05-12 18:26:22,mercearia, Maionese Light Top Down Vianeza ,0.4,L,3.29,8.23,€
1870,2023-05-12 18:26:22,mercearia, Molho de Tomate Salsa e Alho Guloso ,0.35,KG,4.75,13.57,€
1871,2023-05-12 18:26:22,mercearia, Molho Bolonhesa Guloso ,0.35,KG,4.95,14.14,€
1872,2023-05-12 18:26:22,mercearia, Molho de Tomate e Manjericão Guloso ,0.35,KG,4.75,13.57,€
1873,2023-05-12 18:26:22,mercearia, Bolachas Crocantes de Fruta e Fibras Vitalday Gullón ,0.3,KG,2.59,8.63,€
1874,2023-05-12 18:26:22,mercearia, Chocolate Chunky com Caramelo Kit Kat ,0.174,KG,3.89,22.36,€
1875,2023-05-12 18:26:22,mercearia, Gomas Garrafas Cola Vidal ,0.09,KG,1.39,1.54,€
1876,2023-05-12 18:26:22,mercearia, Gomas Rainbow Belts Vidal ,0.09,KG,1.39,1.54,€
1877,2023-05-12 18:26:22,mercearia, Gomas Soft Fruit Vidal ,0.08,KG,1.39,1.74,€
1878,2023-05-12 18:26:22,mercearia, Batata Doce Frita Camponesa Maria Batata ,0.1,KG,2.19,21.9,€
1879,2023-05-12 18:26:22,mercearia, Café Cápsulas Barista 13 Nespresso L'Or ,20.0,UN,8.49,0.42,€
1880,2023-05-12 18:26:22,mercearia, Farinha Centeio Integral Nacional ,0.9,KG,1.59,1.77,€
1881,2023-05-12 18:26:22,mercearia, Cereais Chocomax Nacional ,1.0,KG,4.99,4.99,€
1882,2023-05-12 18:26:22,mercearia, Massa Esparguete Alentejo Nacional ,0.5,KG,1.27,2.54,€
1883,2023-05-12 18:26:22,mercearia, Snack de Maçã Amêndoa e Coco Fruut ,0.03,KG,1.14,38.0,€
1884,2023-05-12 18:26:22,mercearia, Granola de Mel e Aveia Integral Nacional ,0.3,KG,3.69,12.3,€
1885,2023-05-12 18:26:22,mercearia, Granola de Cacau e Aveia Integral Nacional ,0.3,KG,3.69,12.3,€
1886,2023-05-12 18:26:22,mercearia, Creme de Cogumelos Receita Económica Knorr ,0.062,KG,1.59,25.65,€
1887,2023-05-12 18:26:22,mercearia, Sopa de Tomate Toscana Knorr ,0.058,KG,2.84,48.97,€
1888,2023-05-12 18:26:22,mercearia, Massa Penne Rigate Nº66 sem Glúten Rummo ,0.4,KG,2.91,7.28,€
1889,2023-05-12 18:26:22,mercearia, Esparguete sem Glúten Rummo ,0.4,KG,2.91,7.28,€
1890,2023-05-12 18:26:22,mercearia, Bola com Recheio Manteiga de Caju e Curcuma Incríbel ,0.03,KG,1.79,59.67,€
1891,2023-05-12 18:26:22,mercearia, Bola com Recheio Manteiga de Amendoim e Cacau Incríbel ,0.03,KG,1.79,59.67,€
1892,2023-05-12 18:26:22,mercearia, Tablete de Chocolate de Leite com Sabor a Ananás Regina ,0.2,KG,2.39,11.95,€
1893,2023-05-12 18:26:22,mercearia, Bolachas Wafer Cacau Loacker ,0.175,KG,2.39,13.66,€
1894,2023-05-12 18:26:22,mercearia, Bolachas Wafer Avelã Loacker ,0.175,KG,2.39,13.66,€
1895,2023-05-12 18:26:22,mercearia, Salsicha Alemã Pingo Doce - 8 un ,1.03,KG,5.29,5.14,€
1896,2023-05-12 18:26:22,mercearia, Tablete de Chocolate de Leite e Avelãs Gold Lindt ,0.3,KG,8.99,29.97,€
1897,2023-05-12 18:26:22,mercearia, Chá Earl Grey Twinings ,25.0,UN,3.49,0.14,€
1898,2023-05-12 18:26:22,mercearia, Massa Instantânea Sabor a Cogumelos Koka ,0.085,KG,0.83,9.76,€
1899,2023-05-12 18:26:22,mercearia, Massa Instantânea Sabor a Galinha Koka ,0.085,KG,0.83,9.76,€
1900,2023-05-12 18:26:22,mercearia, Massa Instantânea Sabor a Camarão Koka ,0.085,KG,0.83,9.76,€
1901,2023-05-12 18:26:22,mercearia, Massa Instantânea Sabor a Legumes Koka ,0.085,KG,0.83,9.76,€
1902,2023-05-12 18:26:22,mercearia, Barras de Cereais de Chocolate Negro + Linha Nacional ,0.138,KG,2.25,16.3,€
1903,2023-05-12 18:26:22,mercearia, Barras de Cereais de Frutos Vermelhos + Linha Nacional ,0.138,KG,2.25,16.3,€
1904,2023-05-12 18:26:22,mercearia, Barras de Cereais Chooks Nacional ,0.126,KG,2.25,17.86,€
1905,2023-05-12 18:26:22,mercearia, Barras de Cereais Chocomax Nacional ,0.126,KG,2.25,17.86,€
1906,2023-05-12 18:26:22,mercearia, Amêndoa Torrada sem Sal Seeberger ,0.15,KG,5.39,35.93,€
1907,2023-05-12 18:26:22,mercearia, Café Cápsulas Ristretto Barista Pack Poupança Dolce Gusto ,48.0,UN,15.99,0.33,€
1908,2023-05-12 18:26:22,mercearia, Batatas Fritas Lisas Gourmet Lay's ,0.17,KG,2.69,15.82,€
1909,2023-05-12 18:26:22,mercearia, Gomas Favoritos Red&White Haribo ,0.25,KG,1.79,7.16,€
1910,2023-05-12 18:26:22,mercearia, Gomas Favoritos Haribo ,0.25,KG,1.79,7.16,€
1911,2023-05-12 18:26:22,mercearia, Gomas Funky Mix Haribo ,0.25,KG,1.79,7.16,€
1912,2023-05-12 18:26:22,mercearia, Gomas Ursos Dourados Haribo ,0.25,KG,1.79,7.16,€
1913,2023-05-12 18:26:22,mercearia, Gomas Favoritos Classic Haribo ,0.25,KG,1.79,7.16,€
1914,2023-05-12 18:26:22,mercearia, Gomas Favoritos Pica Haribo ,0.25,KG,1.79,7.16,€
1915,2023-05-12 18:26:22,mercearia, Gomas Ursos Dourados com Açucar Haribo ,0.25,KG,1.79,7.16,€
1916,2023-05-12 18:26:22,mercearia, Tablete de Chocolate de Leite Gold Lindt ,0.3,KG,7.99,26.63,€
1917,2023-05-12 18:26:22,mercearia, Batatas Fritas Onduladas Ketchup Ruffles ,0.15,KG,1.99,13.27,€
1918,2023-05-12 18:26:22,mercearia, Cereais de Espelta Bio Kids Crunchy Espelta ,0.125,KG,2.99,23.92,€
1919,2023-05-12 18:26:22,mercearia, Cereais de Cacau Bio Kids Crunchy Espelta ,0.125,KG,2.99,23.92,€
1920,2023-05-12 18:26:22,mercearia, Cacau em Pó Bio Origens ,0.1,KG,2.49,24.9,€
1921,2023-05-12 18:26:22,mercearia, Tablete de Chocolate 70% Cacau Regina ,0.1,KG,1.99,19.9,€
1922,2023-05-12 18:26:22,mercearia, Mel de Flores Bio Origens ,0.25,KG,4.89,19.56,€
1923,2023-05-12 18:26:22,mercearia, Molho de Pizza Pizzaiollo Guloso ,0.44,KG,3.8,8.64,€
1924,2023-05-12 18:26:22,mercearia, Massa Fillini Fios de Aletria Nacional ,0.5,KG,1.5,3.0,€
1925,2023-05-12 18:26:22,mercearia, Burritos Kit Old El Passo ,0.51,KG,6.14,12.04,€
1926,2023-05-12 18:26:22,mercearia, Bolachas Cacau Quadratini Loacker ,0.25,KG,3.39,13.56,€
1927,2023-05-12 18:26:22,mercearia, Molho Piri Piri Calvé ,0.05,L,2.59,51.8,€
1928,2023-05-12 18:26:22,mercearia, Café Solúvel Saquetas Nescafé Clássico ,10.0,UN,1.99,0.2,€
1929,2023-05-12 18:26:22,mercearia, Descafeinado Clássico Solúvel Nescafé ,10.0,UN,1.69,0.17,€
1930,2023-05-12 18:26:22,mercearia, Farinha de Mandioca Ferbar ,0.5,KG,1.99,3.98,€
1931,2023-05-12 18:26:22,mercearia, Farinha Integral sem Fermento Nacional ,1.0,KG,1.29,1.29,€
1932,2023-05-12 18:26:22,mercearia, Snack Rolitos Cheetos ,0.1,KG,1.99,19.9,€
1933,2023-05-12 18:26:22,mercearia, Bolachas Cracker sem Sal Gran Pavesi - 8 un ,0.25,KG,3.29,13.16,€
1934,2023-05-12 18:26:22,mercearia, Bolachas Cracker com Sal Gran Pavesi - 8 un ,0.25,KG,3.29,13.16,€
1935,2023-05-12 18:26:22,mercearia, Tablete de Chocolate Negro Nestlé Crunch ,0.1,KG,2.49,24.9,€
1936,2023-05-12 18:26:22,mercearia, Cereais Recheados de Leite Pingo Doce ,0.5,KG,2.39,4.78,€
1937,2023-05-12 18:26:22,mercearia, Bolo Snack Choc & Choc Milka ,0.175,KG,2.65,15.14,€
1938,2023-05-12 18:26:22,mercearia, Achocolatado em pó Extra Choc Nesquik ,0.39,KG,5.49,14.08,€
1939,2023-05-12 18:26:22,mercearia, Tablete de Chocolate Branco Nestlé Crunch ,0.1,KG,2.49,24.9,€
1940,2023-05-12 18:26:22,mercearia, Óleo Alimentar Rissol ,1.0,L,2.02,2.02,€
1941,2023-05-12 18:26:22,mercearia, Chá Hibisco Bio Cem Porcento ,10.0,UN,0.89,0.09,€
1942,2023-05-12 18:26:22,mercearia, Chá Camomila Bio Cem Porcento ,10.0,UN,0.99,0.1,€
1943,2023-05-12 18:26:22,mercearia, Tablete de Chocolate de Leite com Avelãs Regina ,0.1,KG,1.99,19.9,€
1944,2023-05-12 18:26:22,mercearia, Tablete de Chocolate Caramelo e Sal Regina ,0.1,KG,1.99,19.9,€
1945,2023-05-12 18:26:22,mercearia, Bolachas Digestivas Finas Chocolate Preto Triunfo ,0.17,KG,2.65,15.59,€
1946,2023-05-12 18:26:22,mercearia, Tablete de Chocolate de Leite Dairy Milk Cadbury ,0.11,KG,2.99,27.18,€
1947,2023-05-12 18:26:22,mercearia, Tablete de Chocolate Fruit Nut Dairy Milk Cadbury ,0.11,KG,2.99,27.18,€
1948,2023-05-12 18:26:22,mercearia, Tablete de Chocolate Whole Nut Dairy Milk Cadbury ,0.12,KG,2.99,24.92,€
1949,2023-05-12 18:26:22,mercearia, Bolachas Crackers com Azeitona Gran Pavesi - 8 un ,0.28,KG,3.99,14.25,€
1950,2023-05-12 18:26:22,mercearia, Wafers Cubos de Limão Vieira de Castro ,0.125,KG,1.69,13.52,€
1951,2023-05-12 18:26:22,mercearia, Tablete de Chocolate Negro e Menta Excellence Lindt ,0.1,KG,2.99,29.9,€
1952,2023-05-12 18:26:22,mercearia, Tablete de Chocolate Negro e Laranja Excellence Lindt ,0.1,KG,2.99,29.9,€
1953,2023-05-12 18:26:22,mercearia, Manteiga de Amendoim Cremosa Calvé ,0.35,KG,3.34,9.54,€
1954,2023-05-12 18:26:22,mercearia, Café Cápsulas Ristretto 11 Nespresso L'Or ,20.0,UN,8.49,0.42,€
1955,2023-05-12 18:26:22,mercearia, Bolachas Água e Sal Integrais Vieira de Castro - 12 un ,0.186,KG,3.79,20.38,€
1956,2023-05-12 18:26:22,mercearia, Bolachas Água e Sal Vieira de Castro - 12 un ,0.168,KG,2.79,16.61,€
1957,2023-05-12 18:26:22,mercearia, Maionese com Abacate Vegan Pingo Doce ,0.217,KG,1.99,9.17,€
1958,2023-05-12 18:26:22,mercearia, Bolachas Mini Bites Mistério Saborosa - 5 un ,0.15,KG,1.99,13.27,€
1959,2023-05-12 18:26:22,mercearia, Óleo Alimentar Pingo Doce ,1.0,L,1.59,1.59,€
1960,2023-05-12 18:26:22,mercearia, Chá Preto Yellow Label Lipton ,100.0,UN,7.19,0.07,€
1961,2023-05-12 18:26:22,mercearia, Massa Espirais Integral com Alfarroba Nacional ,0.5,KG,1.65,3.3,€
1962,2023-05-12 18:26:22,mercearia, Cereais Corn Flakes Zero Nacional ,0.375,KG,2.59,6.91,€
1963,2023-05-12 18:26:22,mercearia, Molho Big Burger Calvé ,0.25,KG,2.99,11.96,€
1964,2023-05-12 18:26:22,mercearia, Cereais Flakes Cuétara ,0.5,KG,3.99,7.98,€
1965,2023-05-12 18:26:22,mercearia, Chá Frutos Silvestres Lipton ,20.0,UN,2.94,0.15,€
1966,2023-05-12 18:26:22,mercearia, Chocolate Xtra Twix ,0.075,KG,1.7,22.67,€
1967,2023-05-12 18:26:22,mercearia, Tomate Pedaços Guloso ,0.39,KG,1.95,5.0,€
1968,2023-05-12 18:26:22,mercearia, Tablete de Chocolate Flor de Sal Lindt Excellence ,0.1,KG,2.99,29.9,€
1969,2023-05-12 18:26:22,mercearia, Tablete de Chocolate com Chili Lindt Excellence ,0.1,KG,2.99,29.9,€
1970,2023-05-12 18:26:22,mercearia, Tapioca Hidratada Ferbar ,0.5,KG,3.49,6.98,€
1971,2023-05-12 18:26:22,mercearia, Polvilho Doce Ferbar ,0.5,KG,2.99,5.98,€
1972,2023-05-12 18:26:22,mercearia, Polvilho Azedo Ferbar ,0.5,KG,3.29,6.58,€
1973,2023-05-12 18:26:22,mercearia, Maionese Top Down Calvé ,0.24,KG,2.49,10.38,€
1974,2023-05-12 18:26:22,mercearia, Tablete de Chocolate com Morango Lindt Excellence ,0.1,KG,2.79,27.9,€
1975,2023-05-12 18:26:22,mercearia, Gelatina Limão Light Condi ,0.03,KG,2.14,71.33,€
1976,2023-05-12 18:26:22,mercearia, Ketchup à Portuguesa Top Down Paladin ,0.45,KG,2.49,5.53,€
1977,2023-05-12 18:26:22,mercearia, Bolachas Digestivas Finas Chocolate de Leite Triunfo ,0.17,KG,2.65,15.59,€
1978,2023-05-12 18:26:22,mercearia, Chá Preto Earl Grey Lipton ,25.0,UN,2.94,0.12,€
1979,2023-05-12 18:26:22,mercearia, Chá Verde Framboesa e Romã Lipton ,20.0,UN,2.54,0.13,€
1980,2023-05-12 18:26:22,mercearia, Snack Mix de Maçã Coco e Abacaxi Fruut ,0.06,KG,2.24,37.33,€
1981,2023-05-12 18:26:22,mercearia, Snack Mix de Maçã e Amendoim Fruut ,0.04,KG,1.14,28.5,€
1982,2023-05-12 18:26:22,mercearia, Achocolatado em Pó Zero Açúcar Nesquick ,0.32,KG,4.99,15.59,€
1983,2023-05-12 18:26:22,mercearia, Massa Linguine Tricolor com Vegetais Nacional ,0.5,KG,1.74,3.48,€
1984,2023-05-12 18:26:22,mercearia, Massa Instantânea Sabor a Caril Koka ,0.085,KG,0.83,9.76,€
1985,2023-05-12 18:26:22,mercearia, Atum Filete em Azeite Tenório ,0.12,KG,2.53,21.08,€
1986,2023-05-12 18:26:22,mercearia, Bolachas Digestive GO Triunfo - 6 un ,0.1476,KG,1.99,12.44,€
1987,2023-05-12 18:26:22,mercearia, Bolachas Digestive GO de Chocolate Triunfo - 6 un ,0.195,KG,1.99,10.21,€
1988,2023-05-12 18:26:22,mercearia, Arroz Selvagem Pingo Doce ,0.5,KG,2.25,4.5,€
1989,2023-05-12 18:26:22,mercearia, Tomate Pedaços com Manjericão Orégãos Passata Guloso ,0.39,KG,2.4,6.15,€
1990,2023-05-12 18:26:22,mercearia, Bolachas Maria Pingo Doce - 12 un ,0.3,KG,1.69,5.63,€
1991,2023-05-12 18:26:22,mercearia, Bolachas Torrada Vieira ,0.2,KG,0.99,4.95,€
1992,2023-05-12 18:26:22,mercearia, Bolachas Cream Cracker Vieira de Castro - 6 un ,0.18,KG,1.57,8.72,€
1993,2023-05-12 18:26:22,mercearia, Molho de Salsa e Guacamole Old El Paso ,0.195,KG,2.89,14.82,€
1994,2023-05-12 18:26:22,mercearia, Ketchup Hot Top Down Calvé ,0.275,KG,3.59,13.05,€
1995,2023-05-12 18:26:22,mercearia, Gomas Mega Jelly Mix Vidal ,0.09,KG,1.19,13.22,€
1996,2023-05-12 18:26:22,mercearia, Barra de Erva Trigo e Café Incríbel ,0.035,KG,1.79,51.14,€
1997,2023-05-12 18:26:22,mercearia, Bola com Recheio de Pistáchio e Matcha Incríbel ,0.03,KG,1.99,66.33,€
1998,2023-05-12 18:26:22,mercearia, Massa Fusilli sem Glúten Pingo Doce ,0.5,KG,1.21,2.42,€
1999,2023-05-12 18:26:22,mercearia, Barra de Cacau e Quinoa Incríbel ,0.035,KG,1.79,51.14,€
2000,2023-05-12 18:26:22,mercearia, Barra de Amendoim Salgado Incríbel ,0.045,KG,1.99,44.22,€
2001,2023-05-12 18:26:22,mercearia, Barra de Limão e Quinoa Incríbel ,0.035,KG,1.79,51.14,€
2002,2023-05-12 18:26:22,mercearia, Massa Esparguete Bio Nacional ,0.5,KG,1.78,3.56,€
2003,2023-05-12 18:26:22,mercearia, Bolachas Belgas Mini Bites Saborosa ,0.15,KG,1.99,13.27,€
2004,2023-05-12 18:26:22,mercearia, Tablete de Chocolate de Leite com Amêndoas Extra Fino Nestlé ,0.27,KG,4.25,15.74,€
2005,2023-05-12 18:26:22,mercearia, Tablete de Chocolate de Leite Extrafino Nestlé ,0.27,KG,4.25,15.74,€
2006,2023-05-12 18:26:22,mercearia, Bolachas Biscuits Nutella ,0.304,KG,4.19,13.78,€
2007,2023-05-12 18:26:22,mercearia, Cereais Choco Flakes Cuétara ,0.5,KG,3.99,7.98,€
2008,2023-05-12 18:26:22,mercearia, Massa Instantânea Sabor a Tomate Koka ,0.085,KG,0.83,9.76,€
2009,2023-05-12 18:26:22,mercearia, Sortido de Bolachas Princesa Vieira de Castro ,0.4,KG,3.99,9.98,€
2010,2023-05-12 18:26:22,mercearia, Bolo Snack Trancetto com Cacau Balconi -10 un ,0.28,KG,2.99,10.68,€
2011,2023-05-12 18:26:22,mercearia, Bolachas com Recheio Mini Original Oreo - 4 un ,0.16,KG,2.29,14.31,€
2012,2023-05-12 18:26:22,mercearia, Pão de Leite com Pepitas de Chocolate Dulca ,8.0,UN,2.74,0.34,€
2013,2023-05-12 18:26:22,mercearia, Sardinhas em Azeite Baixo Teor em Sal Ramirez ,0.125,KG,1.54,12.32,€
2014,2023-05-12 18:26:22,mercearia, Ketchup Top Down Paladin ,0.45,KG,2.69,5.98,€
2015,2023-05-12 18:26:22,mercearia, Bolsa de Fruta Maçã e Banana Fruta & Go Nutribén ,0.09,KG,0.99,11.0,€
2016,2023-05-12 18:26:22,mercearia, Bolsa de Frutas Variadas Fruta & Go Nutribén ,0.09,KG,0.99,11.0,€
2017,2023-05-12 18:26:22,mercearia, Bolsa de Fruta Banana Morango e Iogurte Fruta & Go Nutribén ,0.09,KG,1.18,13.11,€
2018,2023-05-12 18:26:22,mercearia, Chocolate de Leite Chunky Kitkat ,0.16,KG,3.89,24.31,€
2019,2023-05-12 18:26:22,mercearia, Chá de Cidreira Bio Cem Porcento ,10.0,UN,0.99,0.1,€
2020,2023-05-12 18:26:22,mercearia, Chá de Funcho Bio Cem Porcento ,10.0,UN,1.09,0.11,€
2021,2023-05-12 18:26:22,mercearia, Chá Digest Bio Cem Porcento ,10.0,UN,1.09,0.11,€
2022,2023-05-12 18:26:22,mercearia, Chá Detox Bio Cem Porcento ,10.0,UN,1.09,0.11,€
2023,2023-05-12 18:26:22,mercearia, Café Cápsulas Prestigio Intensidade 9 Dolce Gusto Chave D'Ouro ,16.0,UN,3.65,0.23,€
2024,2023-05-12 18:26:22,mercearia, Café Cápsulas Tradição Intensidade 7 Dolce Gusto Chave D'Ouro ,16.0,UN,3.65,0.23,€
2025,2023-05-12 18:26:22,mercearia, Café Platinum Pastilhas Delta ,16.0,UN,4.19,0.26,€
2026,2023-05-12 18:26:22,mercearia, Descafeinado Pastilhas Delta ,16.0,UN,4.19,0.26,€
2027,2023-05-12 18:26:22,mercearia, Café Torrado Moído Lote Chávena Pastilhas Delta ,16.0,UN,3.79,0.24,€
2028,2023-05-12 18:26:22,mercearia, Tablete de Chocolate de Leite com Bolacha Nestlé Crunch ,0.1,KG,2.49,24.9,€
2029,2023-05-12 18:26:22,mercearia, Massa Argolinhas Nacional ,0.25,KG,0.8,3.2,€
2030,2023-05-12 18:26:22,mercearia, Chá Preto Yellow Label Lipton ,20.0,UN,1.84,0.09,€
2031,2023-05-12 18:26:22,mercearia, Arroz Agulha Europa Pingo Doce ,1.0,KG,1.12,1.12,€
2032,2023-05-12 18:26:22,mercearia, Arroz Vaporizado Pingo Doce ,1.0,KG,1.4,1.4,€
2033,2023-05-12 18:26:22,mercearia, Arroz Agulha Uruguai Pingo Doce ,1.0,KG,1.21,1.21,€
2034,2023-05-12 18:26:22,mercearia, Chá Verde Clássico Lipton ,20.0,UN,2.3,0.11,€
2035,2023-05-12 18:26:22,mercearia, Farinha para Pão de Mistura Nacional ,1.0,KG,2.59,2.59,€
2036,2023-05-12 18:26:22,mercearia, Farinha para Pão de sementes Nacional ,1.0,KG,2.79,2.79,€
2037,2023-05-12 18:26:22,mercearia, Atum Posta em Óleo de Girassol Pingo Doce ,0.385,KG,2.53,6.57,€
2038,2023-05-12 18:26:22,mercearia, Bolo Snack Cake & Choc Milka - 5 un ,0.175,KG,2.65,15.14,€
2039,2023-05-12 18:26:22,mercearia, Maionese Top Down Calvé ,0.434,KG,3.69,8.5,€
2040,2023-05-12 18:26:22,mercearia, Bolachas Integrais 5 Cereais com Maçã Pingo Doce - 4 un ,0.15,KG,1.09,7.27,€
2041,2023-05-12 18:26:22,mercearia, Bolachas Choco Flakes Callejero Cuétara - 5 un ,0.25,KG,2.99,11.96,€
2042,2023-05-12 18:26:22,mercearia, Especialidade Vegetariana de Tofu Tipo Salsicha Vegalia Nobre - 5 un ,5.0,UN,2.99,0.6,€
2043,2023-05-12 18:26:22,mercearia, Massa Cotovelinhos Nacional ,0.5,KG,1.5,3.0,€
2044,2023-05-12 18:26:22,mercearia, Ketchup Top Down Calvé ,0.473,KG,4.79,10.13,€
2045,2023-05-12 18:26:22,mercearia, Molho Cocktail Calvé ,0.253,KG,2.99,11.82,€
2046,2023-05-12 18:26:22,mercearia, Cranberry Desidratado Cem Porcento ,0.125,KG,3.19,25.52,€
2047,2023-05-12 18:26:22,mercearia, Arroz Thai Jasmine Pingo Doce ,1.0,KG,1.68,1.68,€
2048,2023-05-12 18:26:22,mercearia, Salsichas de Soja Cem Porcento - 6 un ,0.26,KG,4.69,18.04,€
2049,2023-05-12 18:26:22,mercearia, Molho Mexicano Old El Passo ,0.2,KG,2.89,14.45,€
2050,2023-05-12 18:26:22,mercearia, Azeite Virgem Extra Premium Ouro D'Elvas ,0.75,L,6.12,8.16,€
2051,2023-05-12 18:26:22,mercearia, Patê de Ervas Finas Pingo Doce ,0.125,KG,1.29,10.32,€
2052,2023-05-12 18:26:22,mercearia, Patê Ibérico Pingo Doce ,0.125,KG,1.29,10.32,€
2053,2023-05-12 18:26:22,mercearia, Patê de Atum Pingo Doce ,0.125,KG,1.29,10.32,€
2054,2023-05-12 18:26:22,mercearia, Patê de Frango Pingo Doce ,0.125,KG,1.29,10.32,€
2055,2023-05-12 18:26:22,mercearia, Bolachas Flakes Nocilla Cuétara - 5 un ,0.175,KG,2.99,17.09,€
2056,2023-05-12 18:26:22,mercearia, Creme de Chocolate Tulicreme ,0.2,KG,2.99,14.95,€
2057,2023-05-12 18:26:22,mercearia, Arroz Carolino Cigala ,1.0,KG,2.01,2.01,€
2058,2023-05-12 18:26:22,mercearia, Massa Animais Quinta Nacional ,0.5,KG,1.78,3.56,€
2059,2023-05-12 18:26:22,mercearia, Ketchup Top Down Calvé ,0.275,KG,2.89,10.51,€
2060,2023-05-12 18:26:22,mercearia, Sazonador para Burritos Old El Paso ,0.03,KG,1.39,46.33,€
2061,2023-05-12 18:26:22,mercearia, Bolachas Cookies & Cream Pingo Doce ,0.154,KG,0.99,6.43,€
2062,2023-05-12 18:26:22,mercearia, Madalenas Clássicas Dulca ,0.5,KG,2.74,5.48,€
2063,2023-05-12 18:26:22,mercearia, Madalenas Chocolate Dulca ,0.5,KG,2.74,5.48,€
2064,2023-05-12 18:26:22,mercearia, Bolachas Wafer Duplo Chocolate Loacker ,0.175,KG,2.39,13.66,€
2065,2023-05-12 18:26:22,mercearia, Doce de Morango 0% Casa de Mateus ,0.28,KG,4.39,15.68,€
2066,2023-05-12 18:26:22,mercearia, Café Cápsulas Napoli 13 Nescafé Dolce Gusto ,48.0,UN,15.99,0.33,€
2067,2023-05-12 18:26:22,mercearia, Farinha para Pão Caseiro Nacional ,1.0,KG,2.59,2.59,€
2068,2023-05-12 18:26:22,mercearia, Arroz Risotto Pingo Doce ,1.0,KG,1.87,1.87,€
2069,2023-05-12 18:26:22,mercearia, Infusão Curcuma e Gengibre Yogi ,12.0,UN,2.79,0.23,€
2070,2023-05-12 18:26:22,mercearia, Infusão Gengibre e Laranja Yogi ,12.0,UN,2.79,0.23,€
2071,2023-05-12 18:26:22,mercearia, Infusão Degestivo Yogi ,12.0,UN,2.79,0.23,€
2072,2023-05-12 18:26:22,mercearia, Infusão India Chai Yogi ,12.0,UN,2.79,0.23,€
2073,2023-05-12 18:26:22,mercearia, Infusão Doces Sonhos Yogi ,12.0,UN,2.79,0.23,€
2074,2023-05-12 18:26:22,mercearia, Infusão Bom Humor Yogi ,12.0,UN,2.79,0.23,€
2075,2023-05-12 18:26:22,mercearia, Infusão Energia Matcha Yogi ,12.0,UN,2.79,0.23,€
2076,2023-05-12 18:26:22,mercearia, Chá English Breakfast Twinings ,25.0,UN,3.49,0.14,€
2077,2023-05-12 18:26:22,mercearia, Chili com Carne Old El Paso ,0.48,KG,4.54,9.46,€
2078,2023-05-12 18:26:22,mercearia, Farinha Tipo 65 Nacional ,5.0,KG,6.49,1.3,€
2079,2023-05-12 18:26:22,mercearia, Tablete de Chocolate de Leite com Amêndoas Gold Lindt ,0.3,KG,8.99,29.97,€
2080,2023-05-12 18:26:22,mercearia, Infusão Pés de Cereja Cem Por Cento ,0.04,KG,1.69,42.25,€
2081,2023-05-12 18:26:22,mercearia, Molho de Salsa Original Old El Paso ,0.226,KG,3.04,13.45,€
2082,2023-05-12 18:26:22,mercearia, Manteiga de Amendoim Crocante Prozis ,0.5,KG,3.49,6.98,€
2083,2023-05-12 18:26:22,mercearia, Sazonador para Guacamole Old El Paso ,0.02,KG,1.39,69.5,€
2084,2023-05-12 18:26:22,mercearia, Tomate em Pedaços com Alho e Cebola Guloso ,0.39,KG,2.4,6.15,€
2085,2023-05-12 18:26:22,mercearia, Tomate e Pimentos em Pedaços Guloso ,0.39,KG,2.4,6.15,€
2086,2023-05-12 18:26:22,mercearia, Barras de Granola Aveia e Mel Nature Valley ,0.21,KG,3.19,15.19,€
2087,2023-05-12 18:26:22,mercearia, Barras de Granola Aveia e Chocolate Negro Nature Valley ,0.21,KG,3.19,15.19,€
2088,2023-05-12 18:26:22,mercearia, Massa Espirais com Vegetais Nacional ,0.5,KG,1.74,3.48,€
2089,2023-05-12 18:26:22,mercearia, Tablete de Chocolate com Avelãs Milka ,0.27,KG,4.39,16.26,€
2090,2023-05-12 18:26:22,mercearia, Café Solúvel Saquetas Gold Nescafé ,25.0,UN,3.49,0.14,€
2091,2023-05-12 18:26:22,mercearia, Maionese com Flor de Sal Vianeza ,0.45,L,3.69,8.2,€
2092,2023-05-12 18:26:22,mercearia, Snack de Maçã Chipz Fruut ,0.02,KG,0.85,42.5,€
2093,2023-05-12 18:26:22,mercearia, Bolachas Integrais de Fruta e Aveia Gullón ,0.3,KG,3.59,11.97,€
2094,2023-05-12 18:26:22,mercearia, Bolachas Choco Jaffa Framboesa Milka ,0.147,KG,2.29,15.58,€
2095,2023-05-12 18:26:22,mercearia, Bombons de Chocolate Milka Moments Mix ,0.097,KG,3.69,38.04,€
2096,2023-05-12 18:26:22,mercearia, Bolachas Chocojaffa Laranja Milka ,0.147,KG,2.29,15.58,€
2097,2023-05-12 18:26:22,mercearia, Bombons de Chocolate Moments Oreo Milka ,0.092,KG,3.69,40.11,€
2098,2023-05-12 18:26:22,mercearia, Bolachas Cream Cracker Sésamo Vieira de Castro ,0.2,KG,1.62,8.1,€
2099,2023-05-12 18:26:22,mercearia, Tomate Frito Guloso ,0.21,KG,1.35,6.43,€
2110,2023-05-12 18:26:22,mercearia, Infusão Sene Bio Cem Porcento ,10.0,UN,1.09,0.11,€
2112,2023-05-12 18:26:22,mercearia, Massa Instantânea Sabor a Masala Koka ,0.085,KG,0.83,9.76,€
2113,2023-05-12 18:26:22,mercearia, Ananás Pedaços Pingo Doce ,0.34,KG,1.99,5.85,€
2114,2023-05-12 18:26:22,mercearia, Caju Torrado Seeberger ,0.15,KG,5.69,37.93,€
2119,2023-05-12 18:26:22,mercearia, Bolo Snack Rollino com Leite Balconi - 6 un ,0.222,KG,2.49,11.22,€
2120,2023-05-12 18:26:22,mercearia, Bolachas Água e Sal Vieira de Castro ,0.125,KG,0.99,7.92,€
2121,2023-05-12 18:26:22,mercearia, Tablete de Chocolate de Leite Nestlé Crunch ,0.1,KG,2.49,24.9,€
2122,2023-05-12 18:26:22,mercearia, Bolachas Cracker Cream&Onion TUC ,0.1,KG,1.34,13.4,€
2123,2023-05-12 18:26:22,mercearia, Tomate Triturado Guloso ,0.5,KG,2.55,5.1,€
2124,2023-05-12 18:26:22,mercearia, Cogumelos Laminados Ferbar ,0.29,KG,1.49,5.14,€
2125,2023-05-12 18:26:22,mercearia, Tablete de Chocolate Choco Jelly Milka ,0.25,KG,4.39,17.56,€
2126,2023-05-12 18:26:22,mercearia, Tablete de Chocolate de Leite com Amêndoas sem Glúten Extra Fino Nestlé ,0.123,KG,2.19,17.8,€
2127,2023-05-12 18:26:22,mercearia, Tablete de Chocolate de Leite com Oreo Milka ,0.3,KG,4.39,14.63,€
2128,2023-05-12 18:26:22,mercearia, Bolachas Digestive Go de Canela Triunfo - 6 un ,0.171,KG,1.99,11.64,€
2129,2023-05-12 18:26:22,mercearia, Tablete de Chocolate de Leite sem Glúten Extra Fino Nestlé ,0.125,KG,2.19,17.52,€
2130,2023-05-12 18:26:22,mercearia, Cereais Recheados de Chocolate Pingo Doce ,0.5,KG,2.39,4.78,€
2131,2023-05-12 18:26:22,mercearia, Doce de Morango Casa de Mateus ,0.33,KG,3.99,12.09,€
2132,2023-05-12 18:26:22,mercearia, Doce de Tomate Casa de Mateus ,0.345,KG,3.99,11.57,€
2133,2023-05-12 18:26:22,mercearia, Doce de Gila Casa de Mateus ,0.345,KG,3.99,11.57,€
2134,2023-05-12 18:26:22,mercearia, Doce de Alperce Casa de Mateus ,0.33,KG,3.99,12.09,€
2135,2023-05-12 18:26:22,mercearia, Doce de Abóbora Casa de Mateus ,0.345,KG,3.99,11.57,€
2136,2023-05-12 18:26:22,mercearia, Tablete de Chocolate e Caramelo Salgado Excellence Lindt ,0.1,KG,2.99,29.9,€
2137,2023-05-12 18:26:22,mercearia, Bolachas Wafer Limão Loacker ,0.15,KG,2.39,15.93,€
2138,2023-05-12 18:26:22,mercearia, Geleia de Marmelo Casa de Mateus ,0.345,KG,3.99,11.57,€
2139,2023-05-12 18:26:22,mercearia, Geleia de Morango Casa de Mateus ,0.345,KG,3.99,11.57,€
2140,2023-05-12 18:26:22,mercearia, Creme de Avelãs e Cacau sem Glúten Cem Porcento ,0.2,KG,4.99,24.95,€
2141,2023-05-12 18:26:22,mercearia, Bolo Snack Bolitos com Pepitas de Chocolate Pingo Doce - 8 un ,0.28,KG,1.99,7.11,€
2143,2023-05-12 18:26:22,mercearia, Bolachas Circus Cacau Vieira de Castro ,0.3,KG,2.79,9.3,€
2144,2023-05-12 18:26:22,mercearia, Farinha Rainha com Fermento Nacional ,1.0,KG,1.65,1.65,€
2145,2023-05-12 18:26:22,mercearia, Mel Granja São Francisco ,0.5,KG,6.59,13.18,€
2146,2023-05-12 18:26:22,mercearia, Molho Whisky Cocktail Calvé ,0.25,KG,2.99,11.96,€
2147,2023-05-12 18:26:22,mercearia, Bolachas com Mel Circus Vieira de Castro ,0.3,KG,2.79,9.3,€
2148,2023-05-12 18:26:22,mercearia, Maionese Vianeza ,0.225,L,2.29,10.18,€
2149,2023-05-12 18:26:22,mercearia, Molho Pesto Rana ,0.14,KG,2.49,17.79,€
2150,2023-05-12 18:26:22,mercearia, Snack de Chocolate Choco Trio Milka ,0.15,KG,2.65,17.67,€
2151,2023-05-12 18:26:22,mercearia, Chocolate de Leite Kitkat ,0.2075,KG,3.99,19.18,€
2152,2023-05-12 18:26:22,mercearia, Gelatina Light Manga Laranja Condi ,0.03,KG,2.14,71.33,€
2153,2023-05-12 18:26:22,mercearia, Gelatina Light Mirtilo Condi ,0.03,KG,2.14,71.33,€
2154,2023-05-12 18:26:22,mercearia, Gomas Sortidas Brilho Pingo Doce ,0.3,KG,1.59,5.3,€
2155,2023-05-12 18:26:22,mercearia, Gomas Multi Açúcar Pingo Doce ,0.3,KG,1.59,5.3,€
2156,2023-05-12 18:26:22,mercearia, Farinha Fuba de Milho Nacional ,1.0,KG,1.89,1.89,€
2157,2023-05-12 18:26:22,mercearia, Farinha sem Fermento Uso Culinários Nacional ,1.0,KG,1.39,1.39,€
2158,2023-05-12 18:26:22,mercearia, Tomate Pelado Guloso ,0.39,KG,1.29,3.31,€
2159,2023-05-12 18:26:22,mercearia, Farinha Fina Branca de Neve ,1.0,KG,1.99,1.99,€
2160,2023-05-12 18:26:22,mercearia, Molho de Alho Calvé ,0.25,KG,2.99,11.96,€
2161,2023-05-12 18:26:22,mercearia, Farinha Extra Fina Nacional ,1.0,KG,1.49,1.49,€
2162,2023-05-12 18:26:22,mercearia, Chá Verde Menta Lipton ,20.0,UN,2.54,0.13,€
2163,2023-05-12 18:26:22,mercearia, Marmelada Extra Ferbar ,0.4,KG,2.49,6.23,€
2164,2023-05-12 18:26:22,mercearia, Marmelada Ferbar ,0.8,KG,4.89,6.11,€
2165,2023-05-12 18:26:22,mercearia, Bolachas Cracker Original TUC ,0.1,KG,1.34,13.4,€
2166,2023-05-12 18:26:22,mercearia, Bolachas Cracker Bacon TUC ,0.1,KG,1.34,13.4,€
2167,2023-05-12 18:26:22,mercearia, Tablete de Chocolate Negro com Limão Lindt ,0.1,KG,2.99,29.9,€
2168,2023-05-12 18:26:22,mercearia, Tomate Seco em Óleo de Girassol Guloso ,0.185,KG,5.09,27.51,€
2169,2023-05-12 18:26:22,mercearia, Gelatina Light Ananás Condi ,0.03,KG,2.14,71.33,€
2170,2023-05-12 18:26:22,mercearia, Gelatina Light Frutos Tropicais Condi ,0.03,KG,2.14,71.33,€
2171,2023-05-12 18:26:22,mercearia, Molho Mad Chips Calvé ,0.26,KG,2.99,11.5,€
2172,2023-05-12 18:26:22,mercearia, Atum Posta ao Natural Vasco da Gama ,0.12,KG,1.78,14.83,€
2173,2023-05-12 18:26:22,mercearia, Atum Posta em Azeite Vasco da Gama ,0.12,KG,1.87,15.58,€
2174,2023-05-12 18:26:22,mercearia, Couscous Pingo Doce ,1.0,KG,1.78,1.78,€
2175,2023-05-12 18:26:22,mercearia, Achocolatado em Pó Nesquik ,0.39,KG,4.29,11.0,€
2176,2023-05-12 18:26:22,mercearia, Café Cáspulas Boundi Intenso Nescafé Dolce Gusto ,48.0,UN,15.99,0.33,€
2177,2023-05-12 18:26:22,mercearia, Farinha de Trigo sem Fermento Tipo 55 Pingo Doce ,1.0,KG,0.75,0.75,€
2178,2023-05-12 18:26:22,mercearia, Farinha de Trigo com Fermento Super Fina Pingo Doce ,1.0,KG,0.79,0.79,€
2179,2023-05-12 18:26:22,mercearia, Manteiga de Amendoim com Pedaços Calvé ,0.35,KG,3.34,9.54,€
2180,2023-05-12 18:26:22,mercearia, Mexilhões em Escabeche Pitéu ,0.115,KG,2.29,19.91,€
2181,2023-05-12 18:26:22,mercearia, Molho de Bifana com Mostarda Top Down Calvé ,0.26,KG,2.99,11.5,€
2182,2023-05-12 18:26:22,mercearia, Chocolate de Leite Chunky Kitkat ,0.04,KG,1.1,27.5,€
2183,2023-05-12 18:26:22,mercearia, Rebuçados Morango sem Açúcar Halls ,0.032,KG,0.94,29.37,€
2184,2023-05-12 18:26:22,mercearia, Sugus Morango ,0.045,KG,1.2,26.67,€
2185,2023-05-12 18:26:22,mercearia, Rebuçados de Mentol Vieira de Castro ,0.1,KG,0.98,9.8,€
2186,2023-05-12 18:26:22,mercearia, Molho Indiano Korma Coco com Especiarias Pataks ,0.45,KG,3.89,8.64,€
2187,2023-05-12 18:26:22,mercearia, Atum Posta em Óleo Vegetal Vasco da Gama ,0.12,KG,1.78,14.83,€
2188,2023-05-12 18:26:22,mercearia, Gelatina Tutti-Frutti Pingo Doce ,0.17,KG,0.99,5.82,€
2189,2023-05-12 18:26:22,mercearia, Gelatina de Pêssego Pingo Doce ,0.17,KG,0.99,5.82,€
2190,2023-05-12 18:26:22,mercearia, Gelatina Morango Pingo Doce ,0.17,KG,0.99,5.82,€
2191,2023-05-12 18:26:22,mercearia, Gelatina Ananás Pingo Doce ,0.17,KG,0.99,5.82,€
2192,2023-05-12 18:26:22,mercearia, Gelatina de Melancia Pingo Doce ,0.17,KG,0.99,5.82,€
2193,2023-05-12 18:26:22,mercearia, Farinha Especial para Pizza Nacional ,1.0,KG,1.85,1.85,€
2194,2023-05-12 18:26:22,mercearia, Café Cápsulas Buondi 8 Nescafé Dolce Gusto ,48.0,UN,15.99,0.33,€
2195,2023-05-12 18:26:22,mercearia, Café Cápsulas Ristretto Ardenza 11 Nescafé Dolce Gusto ,48.0,UN,15.99,0.33,€
2196,2023-05-12 18:26:22,mercearia, Café Cápsulas Sical 7 Nescafé Dolce Gusto ,48.0,UN,15.99,0.33,€
2197,2023-05-12 18:26:22,mercearia, Sal Rosa dos Himalaias com Moinho Margão ,0.09,KG,4.49,49.89,€
2198,2023-05-12 18:26:22,mercearia, Sal Branco Mediterrâneo com Moinho Margão ,0.09,KG,4.49,49.89,€
2199,2023-05-12 18:26:22,mercearia, Sal Preto do Chipre com Moinho Margão ,0.09,KG,4.49,89.8,€
2200,2023-05-12 18:26:22,mercearia, Leite Condensado Cozido Nestlé ,0.397,KG,2.69,6.78,€
2201,2023-05-12 18:26:22,mercearia, Massa Canelloni Delverde Delverde Buitoni ,0.25,KG,1.68,6.72,€
2202,2023-05-12 18:26:22,mercearia, Tablete Chocolate Culinária 53% Cacau Sobremesas Nestlé ,0.2,KG,2.99,14.95,€
2203,2023-05-12 18:26:22,mercearia, Bombons de Chocolate Menta After Eight ,0.2,KG,2.99,14.95,€
2204,2023-05-12 18:26:22,mercearia, Bombons de Chocolate Toffifee ,0.125,KG,4.05,32.4,€
2205,2023-05-12 18:26:22,mercearia, Caldo de Galinha Knorr - 24 un ,24.0,UN,4.99,0.21,€
2206,2023-05-12 18:26:22,mercearia, Tablete de Chocolate com Recheio a Menta Ritter Sport ,0.1,KG,2.29,22.9,€
2207,2023-05-12 18:26:22,mercearia, Dose de Fruta de Maçã Essencial Compal - Pack 3 ,0.33,L,2.29,6.94,€
2208,2023-05-12 18:26:22,mercearia, Dose de Fruta Manga Essencial Compal - Pack 3 ,0.33,L,2.29,6.94,€
2209,2023-05-12 18:26:22,mercearia, Dose de Fruta de Pêra Essencial Compal - Pack 3 ,0.33,L,2.29,6.94,€
2210,2023-05-12 18:26:22,mercearia, Infusão Explosão de Frutos Vermelhos Tetley ,20.0,UN,2.49,0.12,€
2211,2023-05-12 18:26:22,mercearia, Dose de Fruta de Frutos Vermelhos Essencial Compal - Pack 3 ,0.33,L,2.29,6.94,€
2212,2023-05-12 18:26:22,mercearia, Azeite Virgem Extra Beirão ,0.75,L,4.04,5.39,€
2213,2023-05-12 18:26:22,mercearia, Azeite Beirão ,0.75,L,3.76,5.01,€
2214,2023-05-12 18:26:22,mercearia, Bolachas Shortcake de Cacau Pingo Doce ,0.185,KG,1.19,6.43,€
2215,2023-05-12 18:26:22,mercearia, Pastilha Elástica Bottle Frutos Silvestres Trident ,0.087,KG,2.99,34.37,€
2216,2023-05-12 18:26:22,mercearia, Bolachas Chiquilín 0% Açúcar Artiach ,0.175,KG,2.29,13.09,€
2217,2023-05-12 18:26:22,mercearia, Pastilha Elástica Bottle Morango Trident ,0.087,KG,2.99,34.37,€
2218,2023-05-12 18:26:22,mercearia, Infusão de Tília Tetley ,10.0,UN,1.14,0.11,€
2219,2023-05-12 18:26:22,mercearia, Infusão Menta Tetley ,10.0,UN,1.14,0.11,€
2220,2023-05-12 18:26:22,mercearia, Infusão Cidreira Tetley ,10.0,UN,1.14,0.11,€
2221,2023-05-12 18:26:22,mercearia, Infusão Camomila Tetley ,10.0,UN,1.14,0.11,€
2222,2023-05-12 18:26:22,mercearia, Bolachas Cracker Integrais Du Bois Roche - 20 un ,0.5,KG,3.29,6.58,€
2223,2023-05-12 18:26:22,mercearia, Óleo Alimentar Fula ,3.0,L,8.12,2.71,€
2224,2023-05-12 18:26:22,mercearia, Granola de Aveia com Chocolate Nestlé Fitness ,0.3,KG,4.49,14.97,€
2225,2023-05-12 18:26:22,mercearia, Grajeias Mix Condi ,0.031,KG,0.94,30.32,€
2226,2023-05-12 18:26:22,mercearia, Café Cápsulas Pack Intensy Collection Delta Q ,40.0,UN,13.99,0.35,€
2227,2023-05-12 18:26:22,mercearia, Granola de Aveia com Mel Nestlé Fitness ,0.3,KG,4.49,14.97,€
2228,2023-05-12 18:26:22,mercearia, Cereais Linha de Chocolate Negro Pingo Doce ,0.3,KG,1.79,5.97,€
2229,2023-05-12 18:26:22,mercearia, Bolachas com Recheio Golden Oreo ,0.154,KG,1.79,11.62,€
2230,2023-05-12 18:26:22,mercearia, Wafer Chocolate Balconi ,0.175,KG,1.54,8.8,€
2231,2023-05-12 18:26:22,mercearia, Infusão Limão e Gengibre Lipton ,20.0,UN,3.24,0.16,€
2232,2023-05-12 18:26:22,mercearia, Fajita Kit Old El Passo ,0.5,KG,6.14,12.28,€
2233,2023-05-12 18:26:22,mercearia, Polpa de Tomate Guloso ,0.5,KG,1.65,3.3,€
2234,2023-05-12 18:26:22,mercearia, Polpa de Tomate Guloso ,1.0,L,2.69,2.69,€
2235,2023-05-12 18:26:22,mercearia, Atum Filete em Azeite Pingo Doce ,0.12,KG,1.59,13.25,€
2236,2023-05-12 18:26:22,mercearia, Bolachas Digestive Go de Maçã Triunfo - 6 un ,0.171,KG,1.99,11.64,€
2237,2023-05-12 18:26:22,mercearia," Bebida de Cereais com Cevada, Chicória e Café Nestlé Tofina ",0.2,KG,4.19,20.95,€
2238,2023-05-12 18:26:22,mercearia, Bolachas Maria Ouro Cuétara ,0.2,KG,1.14,5.7,€
2239,2023-05-12 18:26:22,mercearia, Mel do Bosque Quinta de Jugais ,0.3,KG,3.99,13.3,€
2240,2023-05-12 18:26:22,mercearia, Preparado Mousse de Maracujá Condi ,0.08,KG,1.99,24.88,€
2241,2023-05-12 18:26:22,mercearia, Infusão Drenar e Tonificar Lipton ,20.0,UN,3.24,0.16,€
2242,2023-05-12 18:26:22,mercearia, Mix Frutos Secos com Chocolate e Arandos Seeberger ,0.15,KG,4.79,31.93,€
2243,2023-05-12 18:26:22,mercearia, Bombons de Chocolate de Leite Lindor Lindt ,0.2,KG,7.99,39.95,€
2244,2023-05-12 18:26:22,mercearia, Bombons Raffaello ,15.0,UN,3.99,0.27,€
2245,2023-05-12 18:26:22,mercearia, Caldo de Carne Knorr - 16 un ,16.0,UN,3.84,0.24,€
2246,2023-05-12 18:26:22,mercearia, Chocolate Branco para Culinária Pantagruel ,0.2,KG,2.59,12.95,€
2247,2023-05-12 18:26:22,mercearia, Polpa de Tomate Guloso ,0.21,KG,0.9,4.29,€
2248,2023-05-12 18:26:22,mercearia, Palitos de Chocolate de Leite Mikado Lu ,0.075,KG,2.29,30.53,€
2249,2023-05-12 18:26:22,mercearia, Manteiga de Amendoim Crunch Skippy ,0.34,KG,3.79,11.15,€
2250,2023-05-12 18:26:22,mercearia, Cereais Chocolate Kellogs All Bran ,0.375,KG,4.39,11.71,€
2298,2023-05-12 18:26:22,mercearia, Bolsa de Fruta Maçã Banana Aveia Nestlé ,0.09,KG,1.12,12.44,€
2299,2023-05-12 18:26:22,mercearia, Bolachas com Recheio Birthday Party Oreo ,0.154,KG,1.79,11.62,€
2300,2023-05-12 18:26:22,mercearia, Batatas Fritas Tradicionais Receita Caseira Pingo Doce ,0.2,KG,1.45,7.25,€
2301,2023-05-12 18:26:22,mercearia, Bolachas de Água e Sal sem Lactose Pura Vida ,0.125,KG,0.69,5.52,€
2302,2023-05-12 18:26:22,mercearia, Bolachas Maria sem Lactose Pura Vida ,0.2,KG,1.09,5.45,€
2303,2023-05-12 18:26:22,mercearia, Cereais Corn Flakes Kellogg's ,0.375,KG,3.19,8.51,€
2304,2023-05-12 18:26:22,mercearia, Cereais Choco Krispies Kellogg's ,0.375,KG,3.89,10.37,€
2305,2023-05-12 18:26:22,mercearia, Cereais Rice Krispies Kellogg's ,0.34,KG,3.89,11.44,€
2306,2023-05-12 18:26:22,mercearia, Cereais Chocolate Preto Fitness ,0.375,KG,4.49,11.97,€
2307,2023-05-12 18:26:22,mercearia, Cereais de Aveia Integral com Chocolate Nestlé Fitness ,0.375,KG,4.49,11.97,€
2308,2023-05-12 18:26:22,mercearia, Cereais de Aveia Integral com Fruits Nestlé Fitness ,0.375,KG,4.49,11.97,€
2309,2023-05-12 18:26:22,mercearia, Caju e Arandos Frutorra ,0.2,KG,2.99,14.95,€
2310,2023-05-12 18:26:22,mercearia, Cereais Integrais Nestlé Golden Grahams ,0.375,KG,4.49,11.97,€
2311,2023-05-12 18:26:22,mercearia, Tablete de Chocolate Negro com Pepitas Plus Noir Jubileu ,0.1,KG,2.69,26.9,€
2312,2023-05-12 18:26:22,mercearia, Tablete de Chocolate Caramelo 70% Cacau Jubileu ,0.1,KG,2.69,17.93,€
2313,2023-05-12 18:26:22,mercearia, Piri-piri Sacana Habanero à Portuguesa Paladin ,0.075,L,2.59,34.53,€
2314,2023-05-12 18:26:22,mercearia, Piri-piri Sacana com Alho e Louro Paladin ,0.075,L,2.09,27.87,€
2315,2023-05-12 18:26:22,mercearia, Tablete de Chocolate Nut Puro com Avelãs Ritter Sport ,0.1,KG,2.59,25.9,€
2316,2023-05-12 18:26:22,mercearia, Café Cápsulas Extra Forte 12 Pingo Doce ,16.0,UN,3.99,0.25,€
2317,2023-05-12 18:26:22,mercearia, Miolo de Avelã Torrada Frutorra ,0.2,KG,3.99,19.95,€
2318,2023-05-12 18:26:22,mercearia, Café Cápsulas Qalidus 10  Delta Q ,40.0,UN,13.99,0.35,€
2319,2023-05-12 18:26:22,mercearia, Café Cápsulas Qharacter 9 Delta Q ,40.0,UN,13.99,0.35,€
2320,2023-05-12 18:26:22,mercearia, Cappuccino Solúvel Mocha Nescafé ,0.306,KG,7.49,24.48,€
2321,2023-05-12 18:26:22,mercearia, Bolachas Cookies Sensations Chocolate Milka ,0.156,KG,2.89,18.53,€
2322,2023-05-12 18:26:22,mercearia, Bolachas Digestive de Aveia e Laranja Gullón ,0.425,KG,3.29,7.74,€
2323,2023-05-12 18:26:22,mercearia, Massa Esparguete Nacional ,0.725,KG,1.59,2.19,€
2324,2023-05-12 18:26:22,mercearia, Caldo para Arroz Knorr - 24 un ,24.0,UN,4.99,0.21,€
2325,2023-05-12 18:26:22,mercearia, Caramelos Fruit Mix Mentos ,0.16,KG,2.79,17.44,€
2326,2023-05-12 18:26:22,mercearia, Bolachas com Recheio de Brownie Oreo ,0.154,KG,1.79,11.62,€
2327,2023-05-12 18:26:22,mercearia, Café Cápsulas Forza 9 Nespresso L'Or ,10.0,UN,4.39,0.44,€
2328,2023-05-12 18:26:22,mercearia, Café Cápsulas Espresso Sontuoso Intensidade 8 Nespresso L'Or ,10.0,UN,4.39,0.44,€
2329,2023-05-12 18:26:22,mercearia, Café Cápsulas Colombia Nespresso L'Or ,10.0,UN,4.59,0.46,€
2330,2023-05-12 18:26:22,mercearia, Descafeinado Cápsulas Ristretto Intensidade 9 Nespresso L'Or ,10.0,UN,4.39,0.44,€
2331,2023-05-12 18:26:22,mercearia, Base para Crepes Pangudi ,0.2,KG,2.69,13.45,€
2332,2023-05-12 18:26:22,mercearia, Infusão Rooibos e Hisbisco Lipton ,20.0,UN,3.24,0.16,€
2333,2023-05-12 18:26:22,mercearia, Café Cápsulas Kaapi Royale 12 Pingo Doce ,16.0,UN,4.29,0.27,€
2334,2023-05-12 18:26:22,mercearia, Milho Doce Bonduelle - Pack 3 ,0.45,KG,3.99,8.87,€
2335,2023-05-12 18:26:22,mercearia, Barras de Cereais Choco Krispies Kellogg's ,0.12,KG,2.79,23.25,€
2336,2023-05-12 18:26:22,mercearia, Bombons de Chocolate Sortido Merci ,0.25,KG,7.69,30.76,€
2337,2023-05-12 18:26:22,mercearia, Caldo de Galinha Knorr - 16 un ,16.0,UN,3.84,0.24,€
2338,2023-05-12 18:26:22,mercearia, Marmelada Pingo Doce ,0.5,KG,2.99,5.98,€
2339,2023-05-12 18:26:22,mercearia, Snack 3D Bugles Lays ,0.085,KG,1.99,23.41,€
2340,2023-05-12 18:26:22,mercearia, Snack Futebolas Cheetos ,0.13,KG,1.99,15.31,€
2341,2023-05-12 18:26:22,mercearia, Arroz Agulha Cigala ,1.0,KG,1.59,1.59,€
2342,2023-05-12 18:26:22,mercearia, Bolachas Chocowaffer Chocolate Branco Milka ,0.18,KG,2.99,16.61,€
2343,2023-05-12 18:26:22,mercearia, Bolachas Wafer de Leite Choco Wafer Milka ,0.18,KG,2.99,16.61,€
2344,2023-05-12 18:26:22,mercearia, Bolachas Cookies com Chocolate Pingo Doce ,0.15,KG,1.09,7.27,€
2345,2023-05-12 18:26:22,mercearia, Bolo Snack Bombón Donuts - 4 un ,4.0,UN,2.99,0.75,€
2346,2023-05-12 18:26:22,mercearia, Azeite Virgem PET Oliveira da Serra ,0.75,L,6.68,8.91,€
2347,2023-05-12 18:26:22,mercearia, Panquecas Planetus Manhãzitos - 9 un ,0.315,KG,3.99,12.67,€
2348,2023-05-12 18:26:22,mercearia, Pipocas Salgadas de Microondas Popz ,0.09,KG,1.1,12.22,€
2349,2023-05-12 18:26:22,mercearia, Pipocas Sabor a Manteiga para Microondas Popz ,0.09,KG,1.1,12.22,€
2350,2023-05-12 18:26:22,mercearia, Galão Leite e Café Cápsulas Nescafé Dolce Gusto ,16.0,UN,6.49,0.41,€
2351,2023-05-12 18:26:22,mercearia, Atum em Óleo Costatum ,0.11,KG,0.83,7.55,€
2352,2023-05-12 18:26:22,mercearia, Bombons de Chocolate I love Milka Nuss Nougat ,0.11,KG,4.59,41.73,€
2353,2023-05-12 18:26:22,mercearia, Amendoim com Mel e Sal Frutorra ,0.2,KG,1.89,9.45,€
2354,2023-05-12 18:26:22,mercearia, Amendoim Frito com Piri-Piri Frutorra ,0.2,KG,1.49,7.45,€
2355,2023-05-12 18:26:22,mercearia, Mix Frutos Secos e Frutos Desidratados Frutorra ,0.2,KG,2.99,14.95,€
2356,2023-05-12 18:26:22,mercearia, Caju e Amendoim com Mel e Sal Frutorra ,0.2,KG,3.99,19.95,€
2357,2023-05-12 18:26:22,mercearia, Mix Frutos Secos e sementes Frutorra ,0.2,KG,2.99,14.95,€
2358,2023-05-12 18:26:22,mercearia, Bolsa de Fruta Multifrutas Nestlé ,0.09,KG,1.12,12.44,€
2359,2023-05-12 18:26:22,mercearia, Café Cápsulas Ristretto Ardenza 11 Nescafé Dolce Gusto ,16.0,UN,6.49,0.41,€
2360,2023-05-12 18:26:22,mercearia, Doce de Tomate Quinta de Jugais ,0.28,KG,2.99,10.68,€
2361,2023-05-12 18:26:22,mercearia, Mistura Frutos Secos Natural Frutorra ,0.2,KG,4.39,21.95,€
2362,2023-05-12 18:26:22,mercearia, Amendoim Frito com Sal Frutorra ,0.2,KG,1.39,6.95,€
2363,2023-05-12 18:26:22,mercearia, Miolo de Noz do Chile Metades Frutorra ,0.125,KG,2.99,23.92,€
2364,2023-05-12 18:26:22,mercearia, Amêndoas com Pele Frutorra ,0.2,KG,3.49,17.45,€
2365,2023-05-12 18:26:22,mercearia, Cocktail Frutos Secos Frutorra ,0.2,KG,2.29,11.45,€
2366,2023-05-12 18:26:22,mercearia, Infusão Body Balance Lipton ,20.0,UN,3.24,0.16,€
2367,2023-05-12 18:26:22,mercearia, Café Cápsulas Napoli 13 Nescafé Dolce Gusto ,16.0,UN,6.49,0.41,€
2368,2023-05-12 18:26:22,mercearia, Café Cápsulas Lungo Intenso 9 Nescafé Dolce Gusto ,16.0,UN,6.49,45.07,€
2369,2023-05-12 18:26:22,mercearia, Café Cápsulas Ritretto Intensidade 11 Nespresso L'Or ,10.0,UN,4.39,0.44,€
2370,2023-05-12 18:26:22,mercearia, Café Cápsulas Espresso Fortissimo Intensidade 10 Nespresso L'Or ,10.0,UN,4.39,0.44,€
2371,2023-05-12 18:26:22,mercearia, Tablete de Chocolate 70% Cacau Avelãs Lacasa ,0.2,KG,3.29,16.45,€
2372,2023-05-12 18:26:22,mercearia, Cereais All-Bran Fruta e Fibra Kellogg's ,0.5,KG,4.99,9.98,€
2373,2023-05-12 18:26:22,mercearia, Leite Condensado Magro Nestlé ,0.387,KG,2.59,6.69,€
2374,2023-05-12 18:26:22,mercearia, Snack Mix Milk de Chocolate de Leite Balconi - 10 un ,0.35,KG,3.99,11.4,€
2375,2023-05-12 18:26:22,mercearia, Bolachas Ositos de Mel Artiach Chiquilin - 4 un ,0.16,KG,2.19,13.69,€
2376,2023-05-12 18:26:22,mercearia, Leite de Coco Ayam ,0.2,L,1.69,8.45,€
2377,2023-05-12 18:26:22,mercearia, Bolachas de Manteiga com Cereais Dinosaurus - 6 un ,0.18480000000000002,KG,2.29,12.38,€
2378,2023-05-12 18:26:22,mercearia, Bolachas Chiqui Chocs Chiquilín - 4 un ,0.14,KG,2.19,15.64,€
2379,2023-05-12 18:26:22,mercearia, Chocolate Nestlé Lion ,0.126,KG,2.69,21.35,€
2380,2023-05-12 18:26:22,mercearia, Pastilha Elástica Fresh Spearmint Trident ,0.087,KG,2.99,34.37,€
2381,2023-05-12 18:26:22,mercearia, Bolachas Digestive Go de Aveia Triunfo - 6 un ,0.171,KG,1.99,11.64,€
2382,2023-05-12 18:26:22,mercearia, Bebida de Cereais com Café Ricoré ,0.26,KG,8.99,34.58,€
2383,2023-05-12 18:26:22,mercearia, Polpa de Tomate Cebola e Alho Guloso ,0.5,KG,2.4,4.8,€
2384,2023-05-12 18:26:22,mercearia, Doce de Pêra Rocha e Vinho do Porto Quinta de Jugais ,0.28,KG,2.99,10.68,€
2385,2023-05-12 18:26:22,mercearia, Bolachas Cracker Original TUC - 3 un ,0.3,KG,2.99,9.97,€
2386,2023-05-12 18:26:22,mercearia, Infusão Maçã e Canela Lipton ,20.0,UN,3.24,0.16,€
2387,2023-05-12 18:26:22,mercearia, Infusão Noite Tranquila Lipton ,20.0,UN,3.24,0.16,€
2388,2023-05-12 18:26:22,mercearia, Doce de Figo com Noz Quinta de Jugais ,0.28,KG,2.99,10.68,€
2389,2023-05-12 18:26:22,mercearia, Leite Creme El Mandarim ,0.092,KG,1.49,16.2,€
2390,2023-05-12 18:26:22,mercearia, Atum Posta Natural Costatum ,0.11,KG,0.83,7.55,€
2391,2023-05-12 18:26:22,mercearia, Atum Posta Natural Costatum ,0.385,KG,2.33,6.05,€
2392,2023-05-12 18:26:22,mercearia, Cappuccino Solúvel Gold Nescafé ,0.25,KG,7.49,29.96,€
2393,2023-05-12 18:26:22,mercearia, Folhas de Gelatina Branca Condi ,0.008,KG,1.14,142.5,€
2394,2023-05-12 18:26:22,mercearia, Napolitanas de Baunilha Pingo Doce - 6 un ,0.27,KG,1.49,5.52,€
2395,2023-05-12 18:26:22,mercearia, Arroz Carolino Vaporizado Extra Longo Caçarola ,1.0,KG,2.03,2.03,€
2396,2023-05-12 18:26:22,mercearia, Arroz Negro Caçarola ,0.5,KG,4.04,8.08,€
2397,2023-05-12 18:26:22,mercearia, Doce de Mirtilo Quinta de Jugais ,0.28,KG,2.99,10.68,€
2398,2023-05-12 18:26:22,mercearia, Miolo de Avelã Frutorra ,0.2,KG,2.99,14.95,€
2399,2023-05-12 18:26:22,mercearia, Miolo de Noz Pecan Frutorra ,0.15,KG,4.59,30.6,€
2400,2023-05-12 18:26:22,mercearia, Café Cápsulas Epiq 14 Delta Q ,40.0,UN,13.99,0.35,€
2401,2023-05-12 18:26:22,mercearia, Amêndoa sem Pele Frutorra ,0.2,KG,2.99,14.95,€
2402,2023-05-12 18:26:22,mercearia, Tablete de Chocolate Negro 85% Cacau Plus Noir Jubileu ,0.1,KG,2.69,26.9,€
2403,2023-05-12 18:26:22,mercearia, Bolsa de Fruta Banana Laranja Bolacha Maria Nestlé ,0.09,KG,1.12,12.44,€
2404,2023-05-12 18:26:22,mercearia, Granola de Aveia com Arandos e sementes de Abóbora Nestlé Fitness ,0.3,KG,4.49,14.97,€
2405,2023-05-12 18:26:22,mercearia, Bolo Snack Mini Donuts - 5 un ,5.0,UN,2.19,0.44,€
2406,2023-05-12 18:26:22,mercearia, Creme de Coco Koala ,0.165,L,1.64,9.94,€
2407,2023-05-12 18:26:22,mercearia, Leite de Coco Bio Origens ,0.4,L,2.99,7.48,€
2408,2023-05-12 18:26:22,mercearia, Infusão Silhueta Cavalinha Lipton ,20.0,UN,3.24,0.16,€
2409,2023-05-12 18:26:22,mercearia, Bolachas Cream Cracker Vieira Castro ,0.2,KG,1.29,6.45,€
2411,2023-05-12 18:26:22,mercearia, Massa Gnochi de Batata Delverde Buitoni ,0.5,KG,2.97,5.94,€
2412,2023-05-12 18:26:22,mercearia, Cereais com Pepitas de Chocolate Nestlé Cookie Crisp ,0.375,KG,4.49,11.97,€
2413,2023-05-12 18:26:22,mercearia, Barras de Cereais de Trigo Integral com Chocolate Nestlé Fitness ,0.141,KG,3.99,28.3,€
2414,2023-05-12 18:26:22,mercearia, Vinagre Balsâmico Monari Federzoni ,0.5,L,3.89,7.78,€
2415,2023-05-12 18:26:22,mercearia, Cereais de Chocolate Nestlé Crunch ,0.375,KG,4.49,11.97,€
2416,2023-05-12 18:26:22,mercearia, Bolachas com Cereais e Leite Belvita - 6 un ,0.3,KG,2.99,9.97,€
2417,2023-05-12 18:26:22,mercearia, Bolachas com Cereais e Chocolate Belvita - 6 un ,0.3,KG,2.99,9.97,€
2418,2023-05-12 18:26:22,mercearia, Doce de Morango Quinta de Jugais ,0.28,KG,2.99,10.68,€
2419,2023-05-12 18:26:22,mercearia, Doce de Abóbora com Noz Quinta Jugais ,0.28,KG,2.99,10.68,€
2420,2023-05-12 18:26:22,mercearia, Doce de Abóbora com Amêndoa Quinta de Jugais ,0.28,KG,2.99,10.68,€
2421,2023-05-12 18:26:22,mercearia, Bolachas com Recheio Oreo Original ,0.154,KG,1.79,11.62,€
2422,2023-05-12 18:26:22,mercearia, Azeitonas Maçanilha Mistas Inteiras Cantoliva ,0.3,KG,2.49,8.3,€
2423,2023-05-12 18:26:22,mercearia, Bolachas Cream Cracker Jacob's ,0.2,KG,1.49,7.45,€
2424,2023-05-12 18:26:22,mercearia, Caldo de Carne Natura Knorr - 4 un ,4.0,UN,2.49,0.62,€
2425,2023-05-12 18:26:22,mercearia, Caldo de Galinha Natura Knorr - 4 un ,4.0,UN,2.49,0.62,€
2426,2023-05-12 18:26:22,mercearia, Caldo Natura Legumes Knorr - 4 un ,4.0,UN,2.49,0.62,€
2427,2023-05-12 18:26:22,mercearia, Tomate Pedaços com Majericão e Orégãos Passata Guloso ,0.21,KG,1.05,5.0,€
2428,2023-05-12 18:26:22,mercearia, Azeite Virgem Extra Edição Especial  Oliveira da Serra ,0.75,L,7.34,9.79,€
2429,2023-05-12 18:26:22,mercearia, Infusão Digestão Fácil Lipton ,20.0,UN,3.24,0.16,€
2430,2023-05-12 18:26:22,mercearia, Feijão Branco Ferbar ,0.41,KG,1.29,3.15,€
2431,2023-05-12 18:26:22,mercearia, Grão de Bico Ferbar ,0.41,KG,1.29,3.15,€
2432,2023-05-12 18:26:22,mercearia, Bolachas com Recheio de Duplo Creme Oreo ,0.185,KG,1.79,9.68,€
2433,2023-05-12 18:26:22,mercearia, Doce de Maçã Quinta de Jugais ,0.28,KG,2.99,10.68,€
2434,2023-05-12 18:26:22,mercearia, Mel de Montanha Quinta de Jugais ,0.3,KG,3.99,13.3,€
2435,2023-05-12 18:26:22,mercearia, Coco Ralado Condi ,0.1,KG,1.09,10.9,€
2436,2023-05-12 18:26:22,mercearia, Feijão Preto Ferbar ,0.41,KG,1.39,3.39,€
2437,2023-05-12 18:26:22,mercearia, Feijão Frade Ferbar ,0.41,KG,1.29,3.15,€
2438,2023-05-12 18:26:22,mercearia, Feijão Manteiga Ferbar ,0.41,KG,1.29,3.15,€
2439,2023-05-12 18:26:22,mercearia, Feijão Encarnado Ferbar ,0.41,KG,1.29,3.15,€
2440,2023-05-12 18:26:22,mercearia, Cogumelos Inteiros Ferbar ,0.185,KG,1.39,7.51,€
2441,2023-05-12 18:26:22,mercearia, Cogumelos Laminados Ferbar ,0.185,KG,1.09,5.89,€
2444,2023-05-12 18:26:22,mercearia, Infusão Cidreira e Mel Lipton ,20.0,UN,3.24,0.16,€
2445,2023-05-12 18:26:22,mercearia, Café Torrado Moído Moagem Grossa 5 Estrelas Clássico Sical ,0.25,KG,3.99,15.96,€
2446,2023-05-12 18:26:22,mercearia, Café Torrado Moído Moagem Fina 5 Estrelas Clássico Sical ,0.25,KG,3.99,15.96,€
2447,2023-05-12 18:26:22,mercearia, Infusão de Framboesa e Sabugueiro Lipton ,20.0,UN,3.24,0.16,€
2448,2023-05-12 18:26:22,mercearia, Café Cápsulas Caramelo L'Or ,10.0,UN,4.69,0.47,€
2449,2023-05-12 18:26:22,mercearia, Café Torrado Moído Ritual Delta ,0.22,KG,3.19,14.5,€
2450,2023-05-12 18:26:22,mercearia, Café Grão Torrado 5 Estrelas Clássico Sical ,0.25,KG,4.19,16.76,€
2451,2023-05-12 18:26:22,mercearia, Bolsa de Fruta Maçã Manga Nestlé ,0.09,KG,1.12,12.44,€
2452,2023-05-12 18:26:22,mercearia, Tablete de Chocolate  Flor de Sal Plus Noir Jubileu ,0.1,KG,2.69,26.9,€
2453,2023-05-12 18:26:22,mercearia, Bolachas com Recheio de Morango Oreo ,0.154,KG,1.79,11.62,€
2454,2023-05-12 18:26:22,mercearia, Polvo e Pota em Alho Vasco da Gama ,0.12,KG,1.64,13.67,€
2455,2023-05-12 18:26:22,mercearia, Lulas de Caldeirada Vasco da Gama ,0.12,KG,1.64,13.67,€
2456,2023-05-12 18:26:22,mercearia, Polvo e Pota Caldeirada Vasco da Gama ,0.12,KG,1.64,13.67,€
2457,2023-05-12 18:26:22,mercearia, Mini Tostas Rosmarino Pancrek La Mole ,0.25,KG,2.99,11.96,€
2458,2023-05-12 18:26:22,mercearia, Mini Tostas com Sésamo Pancrek La Mole ,0.25,KG,2.99,11.96,€
2459,2023-05-12 18:26:22,mercearia, Mini Tostas Clássicas Pancreck La Mole ,0.25,KG,2.99,11.96,€
2460,2023-05-12 18:26:22,mercearia, Mini Tostas de Pizza Pancrek ,0.25,KG,2.99,11.96,€
2461,2023-05-12 18:26:22,mercearia, Ameixa Seca sem Caroço Frutorra ,0.2,KG,2.29,11.45,€
2462,2023-05-12 18:26:22,mercearia, Barras de Cereais de Trigo Integral com Chocolate de Leite  Nestlé Fitness ,0.135,KG,3.99,28.3,€
2463,2023-05-12 18:26:22,mercearia, Tâmara Seca sem Caroço Frutorra - Embalagem 0.2 Kg ,0.2,KG,1.99,9.95,€
2464,2023-05-12 18:26:22,mercearia, Gressinos Rosmarino Mini Sfornatini La Mole ,0.1,KG,1.75,17.5,€
2465,2023-05-12 18:26:22,mercearia, Gressinos com Sésamo Sfornatini La Mole ,0.2,KG,2.69,13.45,€
2466,2023-05-12 18:26:22,mercearia, Gressinos Lino Papavero Sfornatini La Mole ,0.2,KG,2.69,13.45,€
2467,2023-05-12 18:26:22,mercearia, Gressinos com Azeite e Rosmaninho Sfornatini La Mole ,0.2,KG,2.69,13.45,€
2468,2023-05-12 18:26:22,mercearia, Taco Kit Old El Passo ,0.313,KG,4.99,15.94,€
2469,2023-05-12 18:26:22,mercearia, Barras de Cereais Linha de Frutos Vermelhos Pingo Doce ,0.12,KG,1.49,12.42,€
2470,2023-05-12 18:26:22,mercearia, Barras de Cereais Linha de Chocolate Pingo Doce ,0.12,KG,1.49,12.42,€
2471,2023-05-12 18:26:22,mercearia, Infusão Boost de Arando Vermelho Tetley ,20.0,UN,3.79,0.19,€
2472,2023-05-12 18:26:22,mercearia, Chá Infusão Immune Limão e Gengibre Tetley ,20.0,UN,3.79,0.19,€
2473,2023-05-12 18:26:22,mercearia, Tapioca sem Glúten da Terrinha ,0.5,KG,4.49,8.98,€
2474,2023-05-12 18:26:22,mercearia, Mel de Laranjeira Quinta de Jugais ,0.3,KG,3.99,13.3,€
2475,2023-05-12 18:26:22,mercearia, Piri-piri Sacana Ai Ai Paladin ,0.075,L,3.09,41.2,€
2476,2023-05-12 18:26:22,mercearia, Snack Equilíbrio Multicereais com Sal Marinho Sunbites ,0.095,KG,2.15,22.63,€
2477,2023-05-12 18:26:22,mercearia, Mix Frutos Secos Chocolate Preto Frutorra ,0.2,KG,3.09,15.45,€
2478,2023-05-12 18:26:22,mercearia, Snack Equilíbrio de Cheddar e Cebola Caramelizada Sunbites ,0.095,KG,2.15,22.63,€
2479,2023-05-12 18:26:22,mercearia, Cocktail Salgado Frutorra ,0.15,KG,2.14,14.27,€
2480,2023-05-12 18:26:22,mercearia, Feijões de Soja e Edame Torrados Frutorra ,0.15,KG,2.99,19.93,€
2481,2023-05-12 18:26:22,mercearia, Amêndoa de Chocolate e Tiramisu Frutorra ,0.2,KG,3.99,19.85,€
2482,2023-05-12 18:26:22,mercearia, Mistura de Frutos Secos e Desidratados Pingo Doce ,0.2,KG,2.99,14.95,€
2483,2023-05-12 18:26:22,mercearia, Amêndoa com Pele Torrada Frutorra ,0.2,KG,3.19,15.87,€
2484,2023-05-12 18:26:22,mercearia, Cereais Chocolate Preto e Banana Fitness ,0.33,KG,4.49,13.61,€
2485,2023-05-12 18:26:22,mercearia, Café Cápsulas Laos Bolaven Nespresso L'or ,10.0,UN,4.59,88.27,€
2486,2023-05-12 18:26:22,mercearia, Café Grão Torrado 5 Estrelas Clássico Sical ,1.0,KG,15.99,15.99,€
2487,2023-05-12 18:26:22,mercearia, Cereais de Aveia Integral Nestlé Fitness ,0.375,KG,3.99,10.64,€
2488,2023-05-12 18:26:22,mercearia, Café Cápsulas Expresso Macchiato Cortado Nescafé Dolce Gusto ,16.0,UN,6.49,0.41,€
2489,2023-05-12 18:26:22,mercearia, Massa Ninhos com Ovo Caçarola ,0.5,KG,2.36,4.72,€
2490,2023-05-12 18:26:22,mercearia, Bolo Snack Mini Manhãzitos ,0.08,KG,1.49,18.63,€
2491,2023-05-12 18:26:22,mercearia, Infusão de Cidreira e Mel Tetley ,10.0,UN,1.49,0.15,€
2492,2023-05-12 18:26:22,mercearia, Maionese Verdadeira Top Down Hellmann's ,0.412,KG,4.84,11.75,€
2493,2023-05-12 18:26:22,mercearia, Farinha de Grão de Bico sem Glúten Cem Porcento ,0.4,KG,2.39,5.98,€
2494,2023-05-12 18:26:22,mercearia, Café Cápsulas Barista 13 Nespresso L'Or ,10.0,UN,4.39,0.44,€
2495,2023-05-12 18:26:22,mercearia, Bolachas Quadritini Napolitana Loacker ,0.25,KG,3.39,13.56,€
2496,2023-05-12 18:26:22,mercearia, Bolachas Digestive com Pepitas de Chocolate Triunfo ,0.338,KG,2.99,8.85,€
2497,2023-05-12 18:26:22,mercearia, Infusão de Pêssego e Laranja Defence Vitamina C Tetley ,20.0,UN,3.79,0.19,€
2498,2023-05-12 18:26:22,mercearia, Café Solúvel Gold Espresso 100% Arábica Intenso Nescafé ,0.1,KG,7.99,79.9,€
2499,2023-05-12 18:26:22,mercearia, Tablete de Chocolate Negro sem Açúcar Canderel ,0.1,KG,2.49,24.9,€
2500,2023-05-12 18:26:22,mercearia, Maionese Vegana Hellmann's ,0.27,KG,4.79,17.74,€
2501,2023-05-12 18:26:22,mercearia, Pão de Leite Dulca ,10.0,UN,2.74,0.27,€
2502,2023-05-12 18:26:22,mercearia, Barra de Amendoas Caramelo e Sal Bekind ,0.04,KG,1.99,49.75,€
2503,2023-05-12 18:26:22,mercearia, Café Solúvel Gold Nescafé ,0.2,KG,11.99,59.95,€
2504,2023-05-12 18:26:22,mercearia, Barra de Cereais Manteiga de Amendoim e Chocolate Negro Protein Be Kind ,0.04,KG,1.99,49.75,€
2505,2023-05-12 18:26:22,mercearia, Café Cápsulas Guatemala Nespresso L'Or ,10.0,UN,4.59,0.46,€
2506,2023-05-12 18:26:22,mercearia, Barra de Chocolate e Sal Bekind ,0.04,KG,1.99,49.75,€
2507,2023-05-12 18:26:22,mercearia, Café Cápsulas Epiq 14 Delta Q ,60.0,UN,18.99,0.32,€
2508,2023-05-12 18:26:22,mercearia, Piri Piri Audaz Oliveira da Serra ,0.05,L,2.49,49.8,€
2509,2023-05-12 18:26:22,mercearia, Bolacha Waffer de Caramelo Snappy ,0.25,KG,1.44,5.76,€
2510,2023-05-12 18:26:22,mercearia, Cereais All Bran Fibra Plus Kellogg's ,0.5,KG,4.39,8.78,€
2511,2023-05-12 18:26:22,mercearia, Cereais All Bran Flakes Kellogg's ,0.375,KG,4.39,11.71,€
2512,2023-05-12 18:26:22,mercearia, Cereais Variados Mini Kellogg's - Pack 8 ,0.215,KG,4.09,19.02,€
2513,2023-05-12 18:26:22,mercearia, Polpa de Tomate Tomilho e Alecrim Guloso ,0.5,KG,2.4,4.8,€
2514,2023-05-12 18:26:22,mercearia, Tablete de Chocolate Negro 70% Cacau com Menta Lacasa ,0.1,KG,2.19,21.9,€
2515,2023-05-12 18:26:22,mercearia, Cereais de Chocolate Negro Kellogg's Krave ,0.41,KG,4.49,10.95,€
2516,2023-05-12 18:26:22,mercearia, Café Cápsulas Qalidus 10 XXL Delta ,60.0,UN,18.99,0.32,€
2517,2023-05-12 18:26:22,mercearia, Bolsa de Fruta Maçã e Pêra Gogo Squeez ,0.36,KG,3.99,11.08,€
2518,2023-05-12 18:26:22,mercearia, Bolsa de Fruta Maçã e Manga Gogo Squeez ,0.36,KG,3.99,11.08,€
2519,2023-05-12 18:26:22,mercearia, Infusão de Cidreira Tetley ,20.0,UN,1.89,0.09,€
2520,2023-05-12 18:26:22,mercearia, Barras de Cereais de Trigo Mel e Amêndoa Fitness ,0.141,KG,3.99,28.3,€
2521,2023-05-12 18:26:22,mercearia, Granola All-Bran Prebiotic Classic Kellogg's ,0.38,KG,5.19,13.66,€
2522,2023-05-12 18:26:22,mercearia, Granola All-Bran Prebiotic com Amêndoa e sementes de Abóbora Kellogg's ,0.38,KG,5.19,13.66,€
2523,2023-05-12 18:26:22,mercearia, Pipas G com Sal Grefusa ,0.1,KG,1.29,12.9,€
2524,2023-05-12 18:26:22,mercearia, Pistachio Torrado com Sal Frutorra ,0.175,KG,3.29,18.8,€
2525,2023-05-12 18:26:22,mercearia, Doce de Frutos Vermelhos sem Açúcar Pingo Doce ,0.245,KG,2.59,10.57,€
2526,2023-05-12 18:26:22,mercearia, Doce de Morango sem Açúcar Pingo Doce ,0.245,KG,2.59,10.57,€
2527,2023-05-12 18:26:22,mercearia, Doce de Pêssego sem Açúcar Pingo Doce ,0.245,KG,2.59,10.57,€
2528,2023-05-12 18:26:22,mercearia, Café Cápsulas Ristretto Nespresso Segafredo ,10.0,UN,4.29,0.43,€
2529,2023-05-12 18:26:22,mercearia, Café Cápsulas 100% Arábica Nespresso Segafredo ,10.0,UN,4.29,0.43,€
2530,2023-05-12 18:26:22,mercearia, Descafeinado Cápsulas Nespresso Segafredo ,10.0,UN,4.29,0.43,€
2531,2023-05-12 18:26:22,mercearia, Café Cápsulas Origens Peru Nespresso Segafredo ,10.0,UN,4.49,0.45,€
2532,2023-05-12 18:26:22,mercearia, Tablete de Chocolate Negro 60% com Café da Colômbia Alma do Cacau ,0.1,KG,3.89,38.9,€
2533,2023-05-12 18:26:22,mercearia, Tablete de Chocolate Negro 60% com Flocos de Framboesa Alma do Cacau ,0.1,KG,3.89,38.9,€
2534,2023-05-12 18:26:22,mercearia, Tablete de Chocolate Negro 60% com Nibs de Cacau Cru Alma do Cacau ,0.1,KG,3.89,38.9,€
2535,2023-05-12 18:26:22,mercearia, Bolachas Rosquilhas de Canela Cuétara ,0.3,KG,2.19,7.3,€
2536,2023-05-12 18:26:22,mercearia, Tablete de Chocolate Negro 60% com Flor de Sal Alma do Cacau ,0.1,KG,3.89,38.9,€
2537,2023-05-12 18:26:22,mercearia, Café Cápsulas Clássico Nespresso Segafredo ,10.0,UN,4.29,0.43,€
2538,2023-05-12 18:26:22,mercearia, Café Cápsulas Intenso Nespresso Segafredo ,10.0,UN,4.29,0.43,€
2539,2023-05-12 18:26:22,mercearia, Infusão de Manga e Groselha Preta Lipton ,20.0,UN,2.99,0.15,€
2540,2023-05-12 18:26:22,mercearia, Tablete de Chocolate Negro 85% Alma do Cacau ,0.1,KG,3.89,38.9,€
2541,2023-05-12 18:26:22,mercearia, Tablete de Chocolate Negro 72% Alma do Cacau ,0.1,KG,3.89,38.9,€
2542,2023-05-12 18:26:22,mercearia, Tablete de Chocolate Negro 100% Alma do Cacau ,0.1,KG,3.89,38.9,€
2543,2023-05-12 18:26:22,mercearia, Tablete de Chocolate Negro 55% Alma do Cacau ,0.1,KG,3.89,38.9,€
2544,2023-05-12 18:26:22,mercearia, Doce de Abóbora Quinta de Jugais ,0.28,KG,2.99,10.68,€
2545,2023-05-12 18:26:22,mercearia, Leite Condensado Tradicional Nestlé ,0.37,KG,2.59,7.0,€
2546,2023-05-12 18:26:22,mercearia, Cereais Corn Flakes Kellogg's ,0.5,KG,3.99,7.98,€
2547,2023-05-12 18:26:22,mercearia, Maionese Magra Top Down Calvé ,0.447,KG,3.69,8.26,€
2548,2023-05-12 18:26:22,mercearia, Massa Esparguete Caçarola ,0.5,KG,1.21,2.42,€
2549,2023-05-12 18:26:22,mercearia, Massa Fettuccine Delverde Buitoni ,0.5,KG,2.63,5.26,€
2550,2023-05-12 18:26:22,mercearia, Café Grão Lote Chávena Delta ,0.25,KG,3.59,14.36,€
2551,2023-05-12 18:26:22,mercearia, Chocolate Mini Nestlé Lion ,0.198,KG,3.59,18.13,€
2552,2023-05-12 18:26:22,mercearia, Fermento de Padeiro Royal ,0.0275,KG,2.19,81.11,€
2553,2023-05-12 18:26:22,mercearia, Marmelada Bio Quinta de Jugais ,0.5,KG,5.99,11.98,€
2554,2023-05-12 18:26:22,mercearia, Massa Espiral de Quinoa e Lentilhas Caçarola ,0.4,KG,1.67,4.18,€
2555,2023-05-12 18:26:22,mercearia, Creme de Chocolate e Avelã Gold Nutrition ,0.18,KG,5.99,33.28,€
2556,2023-05-12 18:26:22,mercearia, Tablete de Chocolate Negro 70% Cacau Jubileu ,0.1,KG,2.64,26.4,€
2557,2023-05-12 18:26:22,mercearia, Bolachas Ovos Dinossaurus - 4 un ,0.14,KG,2.19,15.64,€
2558,2023-05-12 18:26:22,mercearia, Tablete Chocolate Culinária 44% Cacau Sobremesas Nestlé ,0.2,KG,2.09,10.45,€
2559,2023-05-12 18:26:22,mercearia, Maionese Receita Tradicional XXL Top Down Vianeza ,0.63,L,4.49,7.13,€
2560,2023-05-12 18:26:22,mercearia, Bolsa de Fruta Banana e Morango Cool Fruit Nestlé ,0.11,KG,1.25,11.36,€
2561,2023-05-12 18:26:22,mercearia, Maionese Receita Tradicional Vianeza ,0.75,L,5.99,7.99,€
2562,2023-05-12 18:26:22,mercearia, Infusão Time To Relax Lipton ,20.0,UN,3.24,0.16,€
2563,2023-05-12 18:26:22,mercearia, Barras de Cereais de Trigo Integral Crunchy Caramelo Nestlé Fitness ,0.141,KG,3.99,28.3,€
2564,2023-05-12 18:26:22,mercearia, Atum Filete em Azeite Minerva ,0.125,KG,2.34,18.72,€
2565,2023-05-12 18:26:22,mercearia, Achocolatado Cápsulas Nesquik Nescafé Dolce Gusto ,16.0,UN,6.49,0.41,€
2566,2023-05-12 18:26:22,mercearia, Bolachas com Chocolate Chiquilín Energy - 5 un ,0.2,KG,2.84,14.2,€
2567,2023-05-12 18:26:22,mercearia, Mistura de Vegetais Tus Recetas Rústico Bonduelle ,0.3,KG,2.99,9.97,€
2568,2023-05-12 18:26:22,mercearia, Café Cápsulas Qharacter 9 Delta Q ,60.0,UN,18.99,0.32,€
2569,2023-05-12 18:26:22,mercearia, Pipocas Doces para Microondas Popz ,0.128,KG,1.99,15.55,€
2570,2023-05-12 18:26:22,mercearia, Pipocas Salgadas para Microondas Popz ,0.128,KG,1.99,15.55,€
2571,2023-05-12 18:26:22,mercearia, Caramelos Frutos Vermelhos Mentos ,0.16,KG,2.79,17.44,€
2572,2023-05-12 18:26:22,mercearia, Caldo Culinário Knorr - 24 un ,24.0,UN,2.79,0.12,€
2573,2023-05-12 18:26:22,mercearia, Tablete Chocolate de Leite Merci ,0.1,KG,2.99,29.9,€
2574,2023-05-12 18:26:22,mercearia, Tablete Chocolate de Leite e Café Merci ,0.1,KG,2.99,29.9,€
2575,2023-05-12 18:26:22,mercearia, Tablete Chocolate Negro Merci ,0.1,KG,2.99,29.9,€
2576,2023-05-12 18:26:22,mercearia, Ketchup Top Down Hellmann's ,0.468,KG,5.29,11.3,€
2577,2023-05-12 18:26:22,mercearia, Bolsa de Fruta Maçã Molly Blédina ,0.1,KG,1.49,14.9,€
2578,2023-05-12 18:26:22,mercearia, Bolsa de Fruta Frutos Variados Blédina ,0.1,KG,1.49,14.9,€
2579,2023-05-12 18:26:22,mercearia, Bolachas Digestivas Finas sem Açúcares Thins Vieira ,0.174,KG,2.49,14.31,€
2580,2023-05-12 18:26:22,mercearia, Bolachas Digestivas Finas Frutos Silvestres Thins Vieira ,0.174,KG,2.49,14.31,€
2581,2023-05-12 18:26:22,mercearia, Bolachas Digestivas Finas de Aveia Thins Vieira - 6 un ,0.174,KG,2.39,13.74,€
2582,2023-05-12 18:26:22,mercearia, Bolachas Digestivas Finas de Maçã Thins Vieira - 6 un ,0.174,KG,2.49,14.31,€
2583,2023-05-12 18:26:22,mercearia, Bolachas Digestivas Finas de Laranja Thins Vieira - 6 un ,0.174,KG,2.49,14.31,€
2584,2023-05-12 18:26:22,mercearia, Atum com Feijão Frade Vasco da Gama ,0.12,KG,1.29,10.75,€
2585,2023-05-12 18:26:22,mercearia, Bolachas Digestivas Finas Tradicionais Thins Vieira - 6 un ,0.174,KG,2.39,13.74,€
2586,2023-05-12 18:26:22,mercearia, Cavalinhas em Tomate Vasco da Gama ,0.12,KG,1.19,9.92,€
2587,2023-05-12 18:26:22,mercearia, Pipocas Doces Gourmet Maria Pipoca ,0.24,KG,2.99,12.46,€
2588,2023-05-12 18:26:22,mercearia, Tisana Biológico Drain You Paisagindo Bio ,0.04,KG,6.9,172.5,€
2589,2023-05-12 18:26:22,mercearia, Creme de Barrar Topdown Chocolate Nocilla ,0.32,KG,3.99,12.47,€
2590,2023-05-12 18:26:22,mercearia, Doce de Ananás e Côco Quinta dos Jugais ,0.28,KG,2.99,10.68,€
2591,2023-05-12 18:26:22,mercearia, Wafer Proteína Chocolate Preto Prozis ,0.04,KG,1.69,42.25,€
2592,2023-05-12 18:26:22,mercearia, Bolachas Choco Rings Chips Ahoy ,0.176,KG,2.89,16.42,€
2593,2023-05-12 18:26:22,mercearia, Tablete de Chocolate Negro 92% Cacau Lacasa ,0.1,KG,2.19,21.9,€
2594,2023-05-12 18:26:22,mercearia, Muesli ao Forno Chocolate e Amêndoas Pingo Doce ,0.4,KG,2.79,6.98,€
2595,2023-05-12 18:26:22,mercearia, Macadâmias Frutorra ,0.15,KG,3.99,26.6,€
2596,2023-05-12 18:26:22,mercearia, Caju Torrado sem Sal Frutorra ,0.15,KG,2.49,16.6,€
2597,2023-05-12 18:26:22,mercearia, Amendoim Torrado sem Sal Frutorra ,0.2,KG,1.19,5.95,€
2598,2023-05-12 18:26:22,mercearia, Amendoim Coberto com Chocolate Preto Frutorra ,0.2,KG,2.59,12.95,€
2599,2023-05-12 18:26:22,mercearia, Amendoim Crocante Picante Frutorra ,0.15,KG,2.29,15.27,€
2600,2023-05-12 18:26:22,mercearia, Creme de Barrar Chocolate e Avelã Zumub ,0.2,KG,4.49,22.45,€
2601,2023-05-12 18:26:22,mercearia, Polpa de Tomate com Manjericão e Orégãos Guloso ,0.5,KG,2.4,4.8,€
2602,2023-05-12 18:26:22,mercearia, Tremoços com Azeite Virgem Extra Alho e Orégãos Maçarico ,0.15,KG,1.99,12.84,€
2603,2023-05-12 18:26:22,mercearia, Café Cápsulas Mythiq 15 Delta Q ,60.0,UN,18.99,0.32,€
2604,2023-05-12 18:26:22,mercearia, Madalenas de Laranja Aurora ,0.42,KG,2.49,5.93,€
2605,2023-05-12 18:26:22,mercearia, Madalenas de Chocolate Aurora - 10 un ,0.42,KG,2.49,5.93,€
2606,2023-05-12 18:26:22,mercearia, Maionese Hellmann's ,0.208,KG,3.39,16.3,€
2607,2023-05-12 18:26:22,mercearia, Maionese Verdadeira Hellmann's ,0.416,KG,4.84,11.63,€
2608,2023-05-12 18:26:22,mercearia, Bolachas com Chocolate de Leite Dinosaurus - 8 un ,0.34,KG,3.69,10.85,€
2609,2023-05-12 18:26:22,mercearia, Açúcar de Cana Integral Cem Porcento ,0.5,KG,2.29,4.58,€
2610,2023-05-12 18:26:22,mercearia, Bolsa de Fruta Banana e Maçã Nestlé ,0.09,KG,1.12,12.44,€
2611,2023-05-12 18:26:22,mercearia, Bolsa de Fruta 4 Frutas Nestlé ,0.09,KG,1.12,12.44,€
2612,2023-05-12 18:26:22,mercearia, Café Cápsulas Invicta 11 Pingo Doce ,16.0,UN,4.29,0.27,€
2613,2023-05-12 18:26:22,mercearia, Azeite Virgem Extra Lagar do Marmelo Oliveira da Serra ,0.5,L,8.29,16.58,€
2614,2023-05-12 18:26:22,mercearia, Gelatina Vegetal Ananás Condi ,0.18,KG,2.44,13.56,€
2615,2023-05-12 18:26:22,mercearia, Descafeinado Moagem Universal Sical ,0.22,KG,5.99,27.23,€
2616,2023-05-12 18:26:22,mercearia, Café Ricoré com Leite Cápsulas Dolce Gusto ,16.0,UN,6.49,0.41,€
2617,2023-05-12 18:26:22,mercearia, Quinoa e Lentilhas Mexicanas Natura ,0.25,KG,2.29,9.16,€
2618,2023-05-12 18:26:22,mercearia, Sabores do Mediterrâneo Natura ,0.25,KG,2.29,9.16,€
2619,2023-05-12 18:26:22,mercearia," Trigo, Tomate e Manjericão Natura ",0.25,KG,2.29,9.16,€
2620,2023-05-12 18:26:22,mercearia, Bolachas Shortcake Chiquilin ,0.175,KG,1.69,9.66,€
2621,2023-05-12 18:26:22,mercearia, Bolsa de Fruta Maçã Banana Framboesa Cars Blédina ,0.1,KG,1.49,14.9,€
2622,2023-05-12 18:26:22,mercearia, Bolsa de Fruta Maçã Cars Blédina ,0.1,KG,1.49,14.9,€
2623,2023-05-12 18:26:22,mercearia, Salsichas de Aves Pingo Doce - 8 un ,8.0,UN,1.09,0.14,€
2624,2023-05-12 18:26:22,mercearia, Bolachas Dinossaurus sem Açúcar Artiach - 6 un ,0.18480000000000002,KG,2.49,13.46,€
2625,2023-05-12 18:26:22,mercearia, Café Grão Intenso Pingo Doce ,0.25,KG,1.89,7.56,€
2626,2023-05-12 18:26:22,mercearia, Bolsa de Fruta Banana Morango Pingo Doce ,0.09,KG,0.74,8.22,€
2627,2023-05-12 18:26:22,mercearia, Bolachas Digestivas Finas de Aveia e Chocolate Negro Gullón ,0.15,KG,2.39,15.93,€
2628,2023-05-12 18:26:22,mercearia, Massa Tagliatelle Nido Pingo Doce ,0.5,KG,1.31,2.62,€
2629,2023-05-12 18:26:22,mercearia, Doce de Morango Fruta da Época Casa de Mateus ,0.35,KG,4.65,13.29,€
2630,2023-05-12 18:26:22,mercearia, Massa Lasagna Pingo Doce ,0.5,KG,1.31,2.62,€
2631,2023-05-12 18:26:22,mercearia, Chocolate Smarties ,0.038,KG,1.1,28.95,€
2632,2023-05-12 18:26:22,mercearia, Infusão SOS Garganta Lipton ,20.0,UN,2.99,0.15,€
2633,2023-05-12 18:26:22,mercearia, Infusão SOS Cabeça Lipton ,20.0,UN,2.99,0.15,€
2634,2023-05-12 18:26:22,mercearia, Maionese Magra Top Down Hellmann's ,0.251,KG,3.59,14.3,€
2635,2023-05-12 18:26:22,mercearia, Marmelada com Nozes Prisca ,0.25,KG,3.34,13.36,€
2636,2023-05-12 18:26:22,mercearia, Arroz Basmati Longo Extra Caçarola ,1.0,KG,2.96,2.96,€
2637,2023-05-12 18:26:22,mercearia, Café Cápsulas Origens Brasil Nespresso Segafredo ,10.0,UN,4.49,0.45,€
2638,2023-05-12 18:26:22,mercearia, Cereais Estrelinhas Pingo Doce ,0.375,KG,1.69,4.51,€
2639,2023-05-12 18:26:22,mercearia, Arroz Agulha Extra Longo Caçarola ,1.0,KG,1.53,1.53,€
2640,2023-05-12 18:26:22,mercearia, Caldo de Carne Knorr - 24 un ,24.0,UN,4.99,0.21,€
2641,2023-05-12 18:26:22,mercearia, Azeitonas Verdes Recheadas com Pasta de Pimento Maçarico ,0.22,KG,2.99,13.59,€
2642,2023-05-12 18:26:22,mercearia, Infusão Frutos Vermelhos Tetley ,10.0,UN,1.49,0.15,€
2643,2023-05-12 18:26:22,mercearia, Azeitonas Verdes Hojiblanca Pingo Doce ,0.56,KG,2.19,3.91,€
2644,2023-05-12 18:26:22,mercearia, Chá Lúcia-Lima Tetley ,10.0,UN,1.14,0.11,€
2645,2023-05-12 18:26:22,mercearia, Chocolate Mars - Pack 3 ,0.135,KG,2.59,19.19,€
2646,2023-05-12 18:26:22,mercearia, Chocolate Twix ,0.15,KG,2.59,17.27,€
2647,2023-05-12 18:26:22,mercearia, Chocolate Snickers - Pack 3 ,0.15,KG,2.59,17.27,€
2648,2023-05-12 18:26:22,mercearia, Achocolatado em Pó Nesquik ,1.0,KG,7.99,7.99,€
2649,2023-05-12 18:26:22,mercearia, Bolachas com Frutos Silvestres Belvita - 6 un ,0.3,KG,2.99,9.97,€
2650,2023-05-12 18:26:22,mercearia, Doce de Pêssego Pingo Doce ,0.355,KG,1.49,4.2,€
2651,2023-05-12 18:26:22,mercearia, Bolachas com Recheio Oreo Original - 5 un ,0.22,KG,2.29,10.41,€
2652,2023-05-12 18:26:22,mercearia, Café Torrado Pastilhas 5 Estrelas Clássico Sical ,16.0,UN,4.49,0.28,€
2653,2023-05-12 18:26:22,mercearia, Bolachas Cracker de Queijo TUC ,0.1,KG,1.34,13.4,€
2654,2023-05-12 18:26:22,mercearia, Snack Chocolate & Latte Balconi ,0.3,KG,3.99,13.3,€
2655,2023-05-12 18:26:22,mercearia, Piri-Piri Sacana Paladin ,0.075,L,1.24,16.53,€
2656,2023-05-12 18:26:22,mercearia, Chá Cápsulas Marrakesh Style Tea Dolce Gusto ,16.0,UN,5.99,0.37,€
2657,2023-05-12 18:26:22,mercearia, Tablete 70% Cacau Amêndoas Lacasa ,0.2,KG,3.29,16.45,€
2658,2023-05-12 18:26:22,mercearia, Tablete Chocolate 85% Cacau Lacasa ,0.1,KG,2.19,21.9,€
2659,2023-05-12 18:26:22,mercearia, Bolsa de Fruta Maça e Pêssego Nestlé ,0.09,KG,1.12,12.44,€
2660,2023-05-12 18:26:22,mercearia, Descafeinado Cápsulas Deqafeinatus 7 Delta Q ,40.0,UN,13.99,0.35,€
2661,2023-05-12 18:26:22,mercearia, Sardinhas em Óleo Vegetal Dorita ,0.12,KG,0.79,6.58,€
2662,2023-05-12 18:26:22,mercearia, Sardinhas em Óleo Vegetal Picante Dorita ,0.12,KG,0.79,6.58,€
2663,2023-05-12 18:26:22,mercearia, Sardinhas em Tomate Dorita ,0.12,KG,0.79,6.58,€
2664,2023-05-12 18:26:22,mercearia, Sardinhas em Tomate Picante Dorita ,0.12,KG,0.79,6.58,€
2665,2023-05-12 18:26:22,mercearia, Sardinhas em Azeite Dorita ,0.12,KG,0.89,7.42,€
2666,2023-05-12 18:26:22,mercearia, Doce de Pêssego 0% Casa de Mateus ,0.28,KG,4.39,15.68,€
2667,2023-05-12 18:26:22,mercearia, Bolacha de Manteiga Recheio Coco Pingo Doce ,0.1,KG,1.99,19.9,€
2668,2023-05-12 18:26:22,mercearia, Puré de Maçã sem Açúcar Adicionado Andros ,0.73,KG,3.79,5.19,€
2669,2023-05-12 18:26:22,mercearia, Tablete de Chocolate 70% Cacau Lacasa ,0.1,KG,2.19,21.9,€
2670,2023-05-12 18:26:22,mercearia, Molho Yofresh Hellmann's ,0.433,KG,4.79,11.06,€
2671,2023-05-12 18:26:22,mercearia, Tablete de Chocolate 85% Cacau e Amêndoas Lacasa ,0.2,KG,3.29,16.45,€
2672,2023-05-12 18:26:22,mercearia, Bolachas Digestivas com Chocolate Triunfo ,0.3,KG,2.99,9.97,€
2673,2023-05-12 18:26:22,mercearia, Tablete de Chocolate Negro com Laranja e Amêndoa Ritter ,0.1,KG,2.29,22.9,€
2674,2023-05-12 18:26:22,mercearia, Tablete de Chocolate 99% Cacau Jubileu ,0.1,KG,2.89,28.9,€
2675,2023-05-12 18:26:22,mercearia, Descafeínado Solúvel Gold Nescafé ,0.1,KG,7.49,74.9,€
2676,2023-05-12 18:26:22,mercearia, Leite Condensado Tradicional Topping Nestlé ,0.45,KG,3.85,8.56,€
2677,2023-05-12 18:26:22,mercearia, Bolsa de Fruta Tutti-Frutti Nestlé ,0.11,KG,1.25,11.36,€
2678,2023-05-12 18:26:22,mercearia, Tablete de Chocolate Negro 70% Cacau com Caramelo e Sal Lacasa ,0.1,KG,2.19,21.9,€
2679,2023-05-12 18:26:22,mercearia, Maionese Verdadeira Hellmann's ,0.763,KG,8.29,10.87,€
2680,2023-05-12 18:26:22,mercearia, Chocolate Mini Smarties ,0.187,KG,3.59,19.2,€
2681,2023-05-12 18:26:22,mercearia, Bolsa de Frutas Variadas Nestlé ,0.11,KG,1.25,11.36,€
2682,2023-05-12 18:26:22,mercearia, Gelatina de Banana +Proteína Condi ,0.08,KG,3.14,39.25,€
2683,2023-05-12 18:26:22,mercearia, Palmiers Integrais Pingo Doce ,0.125,KG,0.89,7.12,€
2684,2023-05-12 18:26:22,mercearia, Chocolate Maltesers ,0.149,KG,3.99,26.78,€
2685,2023-05-12 18:26:22,mercearia, Tablete de Chocolate de Leite Culinária Nestlé ,0.17,KG,2.99,17.59,€
2686,2023-05-12 18:26:22,mercearia, Tablete de Chocolate Branco Culinária Nestlé ,0.17,KG,2.99,17.59,€
2687,2023-05-12 18:26:22,mercearia, Vinagre de Vinho Branco Gourmet Bio Cristal ,0.25,L,2.79,5.39,€
2688,2023-05-12 18:26:22,mercearia, Vinagre Balsâmico de Modena Gourmet Bio Cristal ,0.25,L,3.87,7.47,€
2689,2023-05-12 18:26:22,mercearia, Infusão de Melancia H2O Prozis ,0.072,KG,2.99,4.15,€
2690,2023-05-12 18:26:22,mercearia, Infusão de Ananás H2O Prozis ,0.072,KG,2.99,4.15,€
2691,2023-05-12 18:26:22,mercearia, Bebida de Cevada Chicória e Centeio Bio Nestlé Pensal ,0.175,KG,3.99,22.8,€
2692,2023-05-12 18:26:22,mercearia, Barras de Cereais de Trigo Integral Nestlé Fitness ,0.141,KG,3.99,28.3,€
2693,2023-05-12 18:26:22,mercearia, Barras de Cereais de Trigo Integral com Morango Nestlé Fitness ,0.141,KG,3.99,28.3,€
2694,2023-05-12 18:26:22,mercearia, Caldo de Galinha Receita Económica Knorr - 16 un ,16.0,UN,1.99,0.12,€
2695,2023-05-12 18:26:22,mercearia, Azeitonas Pretas Descaroçadas Oxidada Maçarico ,0.16,KG,2.19,13.69,€
2696,2023-05-12 18:26:22,mercearia, Azeitonas Verdes Descaroçadas Maçarico ,0.125,KG,2.25,18.0,€
2697,2023-05-12 18:26:22,mercearia, Tablete de Chocolate Negro Premium Jubileu ,0.25,KG,4.29,17.16,€
2698,2023-05-12 18:26:22,mercearia, Dose de Fruta Kids Essencial Compal - Pack 3 ,0.33,L,2.29,6.94,€
2699,2023-05-12 18:26:22,mercearia, Pipocas Doces e Salgadas Popz ,0.085,KG,1.1,12.94,€
2700,2023-05-12 18:26:22,mercearia, Café Cápsulas Original 8 Buondi ,18.0,UN,7.39,0.41,€
2714,2023-05-12 18:26:22,mercearia, Bolachas Integrais Cracker Cuétara ,0.2,KG,1.39,6.95,€
2715,2023-05-12 18:26:22,mercearia, Bolachas Digestivas Vieira - 6 un ,0.252,KG,2.43,9.42,€
2716,2023-05-12 18:26:22,mercearia, Bolachas Wafer Waffeletten Bahlsen ,0.1,KG,2.49,24.9,€
2717,2023-05-12 18:26:22,mercearia, Mistura de Cereais com Cevada Pensal ,0.2,KG,3.79,18.95,€
2719,2023-05-12 18:26:22,mercearia, Tablete de Chocolate de Leite com Avelãs e Passas Ritter ,0.1,KG,2.29,22.9,€
2723,2023-05-12 18:26:22,mercearia, Sazonador para Tacos Old El Paso ,0.025,KG,1.39,5.56,€
2724,2023-05-12 18:26:22,mercearia, Sozanador para Fatijas Old El Paso ,0.03,KG,1.39,46.33,€
2725,2023-05-12 18:26:22,mercearia, Tortilhas Chips Chili Old El Passo ,0.185,KG,2.99,16.16,€
2726,2023-05-12 18:26:22,mercearia, Gomas Laces 4x4 Vidal ,0.085,KG,1.54,17.11,€
2727,2023-05-12 18:26:22,mercearia, Bolsa Láctea de Fruta Banana e Morango Nestlé ,0.11,KG,1.17,10.64,€
2728,2023-05-12 18:26:22,mercearia, Batatas Fritas com Alecrim Pingo Doce ,0.15,KG,1.09,7.27,€
2729,2023-05-12 18:26:22,mercearia, Noodles Sabor Beef Teriyaki Pingo Doce ,0.065,KG,1.19,1.83,€
2730,2023-05-12 18:26:22,mercearia, Noodles Sabor Chicken Thai Pingo Doce ,0.065,KG,1.19,1.83,€
2731,2023-05-12 18:26:22,mercearia, Snack Doritos Tex Mex ,0.26,KG,3.39,13.04,€
2732,2023-05-12 18:26:22,mercearia, Cereais de Arroz Zero Nestlé Nestum ,0.25,KG,3.06,12.24,€
2733,2023-05-12 18:26:22,mercearia, Croissant Simples Aurora - 8 un ,0.24,KG,2.49,10.38,€
2734,2023-05-12 18:26:22,mercearia, Infusão Erva Mate Mandarina Príncipe Pingo Doce ,20.0,UN,1.49,0.07,€
2735,2023-05-12 18:26:22,mercearia, Ketchup Top Down Paladin ,0.25,KG,1.69,6.76,€
2736,2023-05-12 18:26:22,mercearia, Café Cápsulas Intenso Nescafé Dolce Gusto ,64.0,UN,18.99,0.3,€
2737,2023-05-12 18:26:22,mercearia, Café Cápsulas Ristretto 11 Nespresso L'Or ,40.0,UN,13.99,0.35,€
2738,2023-05-12 18:26:22,mercearia, Doce de Abóbora sem Açúcar Pingo Doce ,0.245,KG,2.59,10.57,€
2739,2023-05-12 18:26:22,mercearia, Cereais Corn Flakes sem Glúten Nacional ,0.375,KG,2.63,7.01,€
2740,2023-05-12 18:26:22,mercearia, Rolinhos Arco Íris Vahiné ,0.065,KG,1.34,20.62,€
2741,2023-05-12 18:26:22,mercearia, Bolacha Biscoff Caramelizada Lotus ,0.124,KG,1.19,9.6,€
2742,2023-05-12 18:26:22,mercearia, Snack Palitos Cheetos ,0.096,KG,1.49,15.52,€
2743,2023-05-12 18:26:22,mercearia, Salsichas Frankfurt Izidoro - 10 un ,0.35,KG,1.59,4.54,€
2744,2023-05-12 18:26:22,mercearia, Croissant Deli Simples Dulca ,0.3,KG,1.49,4.97,€
2745,2023-05-12 18:26:22,mercearia, Maionese Deliciosa Top Down Heinz ,0.22,L,1.59,7.23,€
2746,2023-05-12 18:26:22,mercearia, Bolachas Digestivas To Go McVitie's - 6 un ,0.177,KG,1.59,8.98,€
2747,2023-05-12 18:26:22,mercearia, Creme de Soja para Culinária Alpro ,0.25,L,1.39,5.56,€
2748,2023-05-12 18:26:22,mercearia, Bolachas Matinais de Chocolate Pingo Doce - 6 un ,0.3,KG,1.89,6.3,€
2749,2023-05-12 18:26:22,mercearia, Batatas Fritas Originais Lay's ,0.16,KG,1.19,7.44,€
2750,2023-05-12 18:26:22,mercearia, Bolo Snack Clássico Bollycao - 2 un ,2.0,UN,1.08,0.54,€
2751,2023-05-12 18:26:22,mercearia, Bolachas Bocaditos de Limão Cuétara ,0.15,KG,1.14,7.6,€
2752,2023-05-12 18:26:22,mercearia, Salsichas de Aves Pingo Doce - 5 un ,5.0,UN,1.69,0.34,€
2753,2023-05-12 18:26:22,mercearia, Snack Aperitivo BBQ Doritos ,0.14,KG,1.39,9.93,€
2754,2023-05-12 18:26:22,mercearia, Snack Doritos Tex Mex ,0.12,KG,1.39,11.58,€
2755,2023-05-12 18:26:22,mercearia, Chá Preto Descafeinado Tetley ,10.0,UN,0.89,0.09,€
2756,2023-05-12 18:26:22,mercearia, Chá Verde Tetley ,10.0,UN,0.89,0.09,€
2757,2023-05-12 18:26:22,mercearia, Farinha para Culinária Milaneza ,1.0,KG,1.17,1.17,€
2758,2023-05-12 18:26:22,mercearia, Vinagre de Vinho Tinto Gallo ,0.25,L,1.09,4.36,€
2759,2023-05-12 18:26:22,mercearia, Vinagre de Vinho Branco Gallo ,0.25,L,1.09,4.36,€
2760,2023-05-12 18:26:22,mercearia, Bolachas de Aveia Triunfo ,0.19,KG,1.24,6.53,€
2761,2023-05-12 18:26:22,mercearia, Bolacha Wafer Chocolate Triunfo ,0.146,KG,1.24,8.49,€
2762,2023-05-12 18:26:22,mercearia, Amendoim Tostado no Forno Matutano ,0.12,KG,1.09,9.08,€
2763,2023-05-12 18:26:22,mercearia, Bolo Snack Mini Bollycao - 6 un ,0.09,KG,1.13,12.56,€
2764,2023-05-12 18:26:22,mercearia, Salsichas de Aves Izidoro - 8 un ,0.2,KG,1.39,6.95,€
2765,2023-05-12 18:26:22,mercearia, Bolachas Wafer Fresh Lemon Cuétara ,0.15,KG,0.99,6.6,€
2766,2023-05-12 18:26:22,mercearia, Bolachas Wafer Demecao Cuétara ,0.15,KG,0.99,6.6,€
2767,2023-05-12 18:26:22,mercearia, Caldo de Legumes Pingo Doce - 12 un ,12.0,UN,0.89,0.07,€
2768,2023-05-12 18:26:22,mercearia, Caldo de Marisco Pingo Doce - 12 un ,12.0,UN,0.89,0.07,€
2769,2023-05-12 18:26:22,mercearia, Pudim Condi Zero % Pêssego Maracujá ,0.022,KG,0.44,20.0,€
2770,2023-05-12 18:26:22,mercearia, Pudim Condi Zero Chocolate ,0.027,KG,0.44,0.02,€
2771,2023-05-12 18:26:22,mercearia, Banzai Noodle Sabor a Carne Cigala ,0.067,KG,1.09,16.27,€
2772,2023-05-12 18:26:22,mercearia, Bolachas Palitos de Chocolate Pingo Doce ,0.15,KG,1.49,9.93,€
2773,2023-05-12 18:26:22,mercearia, Bolacha Torrada Nacional ,0.2,KG,0.89,4.45,€
2774,2023-05-12 18:26:22,mercearia, Banzai Noodle Sabor a Galinha Cigala ,0.067,KG,1.09,16.27,€
2775,2023-05-12 18:26:22,mercearia, Noodles Banzai Sabor a Caril Cigala ,0.067,KG,1.09,16.27,€
2776,2023-05-12 18:26:22,mercearia, Noodles de Camarão Banzai Cigala ,0.067,KG,1.09,16.27,€
2777,2023-05-12 18:26:22,mercearia, Bolachas Alfa Nacional ,0.18,KG,1.04,5.78,€
2778,2023-05-12 18:26:22,mercearia, Puré de Batata em Flocos Ferbar ,0.2,KG,1.14,5.7,€
2779,2023-05-12 18:26:22,mercearia, Bolachas My Mini Cookie Nacional ,0.12,KG,1.04,8.67,€
2780,2023-05-12 18:26:22,mercearia, Bolachas Mini Shortcake Nacional ,0.12,KG,1.04,8.67,€
2781,2023-05-12 18:26:22,mercearia, Bolachas Mini Alfa Nacional ,0.12,KG,1.04,8.67,€
2782,2023-05-12 18:26:22,mercearia, Coco Ralado Pingo Doce ,0.2,KG,1.09,5.45,€
2783,2023-05-12 18:26:22,mercearia, Chá Verde com Mel e Limão Tetley ,10.0,UN,0.89,0.09,€
2784,2023-05-12 18:26:22,mercearia, Chá Preto de Maçã e Canela Tetley ,10.0,UN,0.89,0.09,€
2785,2023-05-12 18:26:22,mercearia, Pasta Carbonara Pingo Doce ,0.055,KG,1.09,19.82,€
2786,2023-05-12 18:26:22,mercearia, Napolitanas de Chocolate Pingo Doce - 6 un ,0.27,KG,1.39,5.15,€
2787,2023-05-12 18:26:22,mercearia, Pasta Bolonhesa Pingo Doce ,0.055,KG,1.09,19.82,€
2788,2023-05-12 18:26:22,mercearia, Rolinhos Cacau Vahiné ,0.065,KG,1.34,20.62,€
2789,2023-05-12 18:26:22,mercearia, Rolinhos Black & White Vahiné ,0.065,KG,1.34,20.62,€
2790,2023-05-12 18:26:22,mercearia, Pickles em Vinagre de Vinho Ferbar ,0.345,KG,1.09,3.16,€
2791,2023-05-12 18:26:22,mercearia, Beterraba em Vinagre de Vinho Ferbar ,0.345,KG,1.09,3.16,€
2792,2023-05-12 18:26:22,mercearia, Gelatina Kiwi Zero % Condi ,0.028,KG,0.99,35.36,€
2793,2023-05-12 18:26:22,mercearia, Pepinos em Vinagre de Vinho Ferbar ,0.345,KG,1.56,4.52,€
2794,2023-05-12 18:26:22,mercearia, Cebolinhas em Conserva Ferbar ,0.345,KG,1.49,4.32,€
2795,2023-05-12 18:26:22,mercearia, Pimentos Morrones Inteiros Ferbar ,0.285,KG,1.69,5.93,€
2796,2023-05-12 18:26:22,mercearia, Bolachas Tosta Rica Choco Guay Cuétara - 4 un ,0.168,KG,1.69,10.06,€
2797,2023-05-12 18:26:22,mercearia, Biscoito Folhado Mil Folhas Dan Cake ,0.14,KG,1.64,11.71,€
2798,2023-05-12 18:26:22,mercearia, Ketchup Top Down Heinz ,0.25,KG,1.84,7.36,€
2799,2023-05-12 18:26:22,mercearia, Caldo de Galinha sem Sal Knorr - 8 un ,8.0,UN,1.59,0.2,€
2800,2023-05-12 18:26:22,mercearia, Chocolate Peanut Nestlé Lion ,0.15,KG,3.49,23.27,€
2801,2023-05-12 18:26:22,mercearia, Filete de Atum Natural Minerva ,0.125,KG,2.34,18.72,€
2802,2023-05-12 18:26:22,mercearia, Creme de Barrar de Chocolate Milka ,0.6,KG,5.29,8.82,€
2803,2023-05-12 18:26:22,mercearia, Chocolate de Leite e Biscoito Ritter ,0.1,KG,2.29,22.9,€
2804,2023-05-12 18:26:22,mercearia, Chocolate de Leite com Caju Ritter ,0.1,KG,2.59,25.9,€
2805,2023-05-12 18:26:22,mercearia, Tablete de Chocolate Negro 50% com Amendoim Nut Guilty ,0.09,KG,2.29,25.44,€
2806,2023-05-12 18:26:22,mercearia, Tablete de Chocolate Negro 50% com Avelã Nut Guilty ,0.09,KG,2.29,25.44,€
2807,2023-05-12 18:26:22,mercearia, Tablete de Chocolate de Leite Guylian ,0.1,KG,2.99,29.9,€
2808,2023-05-12 18:26:22,mercearia, Tablete de Chocolate com Negro 72% Guylian ,0.1,KG,2.99,29.9,€
2809,2023-05-12 18:26:22,mercearia, Tablete de Chocolate com Caramelo Salgado Guylian ,0.1,KG,2.99,29.9,€
2810,2023-05-12 18:26:22,mercearia, Tablete de Chocolate com Amêndoa Caramelizada Guylian ,0.1,KG,2.99,29.9,€
2811,2023-05-12 18:26:22,mercearia, Patê de Sardinha Ramirez ,0.075,KG,1.79,23.87,€
2812,2023-05-12 18:26:22,mercearia, Patê de Cavala Ramirez ,0.075,KG,1.79,23.87,€
2813,2023-05-12 18:26:22,mercearia, Patê de Atum Ramirez ,0.075,KG,1.79,23.87,€
2814,2023-05-12 18:26:22,mercearia, Cereais Frosties Kellogg's ,0.375,KG,3.89,10.37,€
2815,2023-05-12 18:26:22,mercearia, Marmelada Pure Nature 0% Prisca ,0.25,KG,3.99,15.96,€
2816,2023-05-12 18:26:22,mercearia, Cereais Crunchy Nut Kellogg's ,0.5,KG,4.59,9.18,€
2817,2023-05-12 18:26:22,mercearia, Infusão Mirtilo e Maçã Cold Tetley ,10.0,UN,1.79,0.18,€
2818,2023-05-12 18:26:22,mercearia, Marmelada Quinta do Coro ,0.5,KG,4.23,8.46,€
2819,2023-05-12 18:26:22,mercearia, Infusão Limão e Lima Cold Tetley ,10.0,UN,1.79,0.18,€
2820,2023-05-12 18:26:22,mercearia, Bolsa de Frutas Variadas Sky Blédina ,0.1,KG,1.49,14.9,€
2821,2023-05-12 18:26:22,mercearia, Doce de Ananás com Gengibre Zero Quinta de Jugais ,0.28,KG,3.59,12.82,€
2822,2023-05-12 18:26:22,mercearia, Doce de Ananás com Hortelã Zero Quinta de Jugais ,0.28,KG,3.59,12.82,€
2823,2023-05-12 18:26:22,mercearia, Doce de Figo Zero Quinta de Jugais ,0.28,KG,3.59,12.82,€
2824,2023-05-12 18:26:22,mercearia, Doce de Mirtilo Zero Quinta de Jugais ,0.28,KG,3.59,12.82,€
2825,2023-05-12 18:26:22,mercearia, Passata de Tomate Guloso ,0.21,KG,0.8,3.81,€
2826,2023-05-12 18:26:22,mercearia, Passata de Tomate Cebola e Alho Guloso ,0.21,KG,1.05,5.0,€
2827,2023-05-12 18:26:22,mercearia, Doce de Morango Zero Quinta de Jugais ,0.28,KG,3.59,12.82,€
2828,2023-05-12 18:26:22,mercearia, Doce de Pêssego Zero Quinta de Jugais ,0.28,KG,3.59,12.82,€
2829,2023-05-12 18:26:22,mercearia, Bolsa de Fruta Maçã Gogo Squeez ,0.36,KG,3.99,11.08,€
2830,2023-05-12 18:26:22,mercearia, Doce de Abóbora Bio Quinta de Jugais ,0.28,KG,4.34,15.5,€
2831,2023-05-12 18:26:22,mercearia, Doce de Figo Bio Quinta de Jugais ,0.28,KG,4.34,15.5,€
2832,2023-05-12 18:26:22,mercearia, Doce de Mirtilo Bio Quinta de Jugais ,0.28,KG,4.34,15.5,€
2833,2023-05-12 18:26:22,mercearia, Doce de Morango Bio Quinta de Jugais ,0.28,KG,4.34,15.5,€
2834,2023-05-12 18:26:22,mercearia, Cereais Starz Nacional ,1.0,KG,4.99,4.99,€
2835,2023-05-12 18:26:22,mercearia, Massa Tagliatelle A Nido Nº91 Delverde ,0.25,KG,1.5,3.0,€
2836,2023-05-12 18:26:22,mercearia, Bolsa de Fruta Multifrutos GoGo Squeez ,0.36,KG,3.99,11.08,€
2837,2023-05-12 18:26:22,mercearia, Massa Linguine Nº11 Delverde ,0.5,KG,1.78,7.12,€
2838,2023-05-12 18:26:22,mercearia, Chá Relax Bio Cem Porcento ,10.0,UN,1.09,0.11,€
2839,2023-05-12 18:26:22,mercearia, Chá Verde Bio Cem Porcento ,10.0,UN,1.09,0.11,€
2840,2023-05-12 18:26:22,mercearia, Doce de Abóbora com Noz Zero Quinta de Jugais ,0.28,KG,3.59,12.82,€
2841,2023-05-12 18:26:22,mercearia, Granola Quinoa Amêndoas Chocolate Fitness ,0.3,KG,4.49,14.97,€
2842,2023-05-12 18:26:22,mercearia, Tablete de Chocolate com Framboesa Guylian ,0.1,KG,2.99,29.9,€
2843,2023-05-12 18:26:22,mercearia, Cereais Miel Pops Kellogg's ,0.375,KG,3.89,10.37,€
2844,2023-05-12 18:26:22,mercearia, Cereais Choco Krispies Kellogg's ,0.375,KG,3.29,8.77,€
2845,2023-05-12 18:26:22,mercearia, Cereais Smacks Kellogg's ,0.375,KG,3.89,10.37,€
2846,2023-05-12 18:26:22,mercearia, Barras de Cereais de Trigo Chocolate Banana Nestlé Fitness ,0.141,KG,3.99,28.3,€
2847,2023-05-12 18:26:22,mercearia, Bolsa de Fruta Maçã Morango Gogo Squeez ,0.36,KG,3.99,11.08,€
2848,2023-05-12 18:26:22,mercearia, Bolsa de Fruta Maçã Pêssego Gogo Squeez ,0.36,KG,3.99,11.08,€
2849,2023-05-12 18:26:22,mercearia, Bolsa de Fruta Maçã Banana Gogo Squeez ,0.36,KG,3.99,11.08,€
2850,2023-05-12 18:26:22,mercearia, Vinagre de Sidra Bio Cristal ,0.5,L,1.89,3.78,€
2851,2023-05-12 18:26:22,mercearia, Tablete de Chocolate Negro 70% Postres Nestlé ,0.17,KG,2.99,17.59,€
2852,2023-05-12 18:26:22,mercearia, Cereais All Bran Golden Crunch Kellog's ,0.39,KG,3.99,10.23,€
2853,2023-05-12 18:26:22,mercearia, Cereais Natural 0% Açúcares All Bran ,0.45,KG,3.99,8.87,€
2854,2023-05-12 18:26:22,mercearia, Café Cápsulas Intenso 10 Buondi ,18.0,UN,7.39,0.41,€
2856,2023-05-12 18:26:22,mercearia, Café Cápsulas Bio Organic Nespresso L'Or ,10.0,UN,4.69,0.47,€
2857,2023-05-12 18:26:22,mercearia, Café Cápsulas Onyx 12 Nespresso L'Or ,10.0,UN,4.39,0.44,€
2858,2023-05-12 18:26:22,mercearia, Snack de Chocolate e Avelã Krave Kellogg's ,0.41,KG,4.49,10.95,€
2859,2023-05-12 18:26:22,mercearia, Cereais de Mel Familiar Nestlé Nestum ,0.6,KG,4.25,7.08,€
2860,2023-05-12 18:26:22,mercearia, Cereais Milk Choco Krave Kelloggs ,0.41,KG,4.49,10.95,€
2863,2023-05-12 18:26:22,mercearia, Mini Panquecas Pingo Doce ,0.25,KG,1.99,7.96,€
2864,2023-05-12 18:26:22,mercearia, Café Cápsulas Qalidus 10 Delta Q ,80.0,UN,22.99,0.29,€
2865,2023-05-12 18:26:22,mercearia, Chocolate Smarties ,0.102,KG,1.99,19.51,€
2866,2023-05-12 18:26:22,mercearia, Massa Macarronete com Vegetais Nacional ,0.5,KG,1.74,3.48,€
2867,2023-05-12 18:26:22,mercearia, Azeite Virgem Extra Encostas de Alqueva ,0.75,L,6.4,8.53,€
2868,2023-05-12 18:26:22,mercearia, Pastilha Elástica White Spearmint Oral-B Trident ,0.017,KG,1.19,70.0,€
2869,2023-05-12 18:26:22,mercearia, Pastilha Elástica White Spearmint Oral-B Trident ,0.068,KG,3.49,51.32,€
2870,2023-05-12 18:26:22,mercearia, Ameixa Seca com Caroço Frutorra ,0.2,KG,2.39,11.95,€
2871,2023-05-12 18:26:22,mercearia, Arroz Sabroz Cigala ,1.0,KG,2.82,2.82,€
2872,2023-05-12 18:26:22,mercearia, Azeite Virgem Extra Q.B. Spray Oliveira da Serra ,0.2,L,3.1,15.5,€
2873,2023-05-12 18:26:22,mercearia, Óleo Alimentar Spray&Go Fula ,0.1,L,2.51,12.55,€
2874,2023-05-12 18:26:22,mercearia, Massa Esparguete Integral com Alfarroba Nacional ,0.5,KG,1.65,3.3,€
2875,2023-05-12 18:26:22,mercearia, Manteiga de Amêndoa Cremosa Prozis ,0.25,KG,5.39,21.56,€
2876,2023-05-12 18:26:22,mercearia, Azeite Virgem Extra Alentejo DOP Herdade do Esporão ,0.5,L,8.95,17.9,€
2877,2023-05-12 18:26:22,mercearia, Massa Lasanha com Ovo Delverde Buitoni ,0.5,KG,2.72,5.44,€
2878,2023-05-12 18:26:22,mercearia, Massa Spaghetti Delverde ,1.0,KG,3.1,3.1,€
2879,2023-05-12 18:26:22,mercearia, Pastilha Elástica Peppermint Oral-B Trident ,0.017,KG,1.19,70.0,€
2880,2023-05-12 18:26:22,mercearia, Pastilha Elástica Spearmint Oral-B Trident ,0.017,KG,1.19,70.0,€
2881,2023-05-12 18:26:22,mercearia, Pastilha Elástica Spearrmint Oral-B Trident ,0.051,KG,3.39,66.47,€
2882,2023-05-12 18:26:22,mercearia, Pastilha Elástica Peppermint Oral-B Trident ,0.051,KG,3.39,66.47,€
2883,2023-05-12 18:26:22,mercearia, Arroz Carolino Louro ,1.0,KG,1.78,1.78,€
2884,2023-05-12 18:26:22,mercearia, Caldo de Galinha Knorr - 36 un ,36.0,UN,7.39,0.21,€
2885,2023-05-12 18:26:22,mercearia, Bolachas Água e Sal Vieira de Castro - 3 un ,0.375,KG,2.82,7.52,€
2886,2023-05-12 18:26:22,mercearia, Manteiga de Amendoim Creme Skippy ,0.34,KG,3.79,11.15,€
2887,2023-05-12 18:26:22,mercearia, Azeite Virgem Extra Herdade do Esporão ,0.75,L,8.25,11.0,€
2888,2023-05-12 18:26:22,mercearia, Bicarbonato Sódio Margão ,0.077,KG,1.99,25.84,€
2889,2023-05-12 18:26:22,mercearia, Arroz para Sushi Le Chef ,0.5,KG,1.08,2.16,€
2890,2023-05-12 18:26:22,mercearia, Arroz Risotto Le Chef ,0.5,KG,1.08,2.16,€
2891,2023-05-12 18:26:22,mercearia, Azeite Virgem Extra Clássico DOP Rosmaninho ,0.75,L,6.43,8.57,€
2892,2023-05-12 18:26:22,mercearia, Manteiga de Amendoim Cremosa Prozis ,1.0,KG,5.99,5.99,€
2893,2023-05-12 18:26:22,mercearia, Manteiga de Amendoim 100% Calvé ,0.35,KG,4.29,12.26,€
2894,2023-05-12 18:26:22,mercearia, Massa Fusili de Grão de Bico Pingo Doce ,0.25,KG,1.68,6.72,€
2895,2023-05-12 18:26:22,mercearia, Massa Esparguete Spaghetti Pingo Doce ,0.5,KG,0.93,1.86,€
2896,2023-05-12 18:26:22,mercearia, Massa Fusilli Tricolor Pingo Doce ,0.5,KG,1.07,2.14,€
2897,2023-05-12 18:26:22,mercearia, Massa Farfalle Pingo Doce ,0.5,KG,1.07,2.14,€
2898,2023-05-12 18:26:22,mercearia, Massa Fusilli Pingo Doce ,0.5,KG,1.07,2.14,€
2899,2023-05-12 18:26:22,mercearia, Massa Penne Rigate Pingo Doce ,0.5,KG,1.07,2.14,€
2924,2023-05-12 18:26:22,mercearia, Bolachas Belgas de Laranja com Cobertura de Chocolate Saborosa - 6 un ,0.20460000000000003,KG,1.79,8.73,€
2925,2023-05-12 18:26:22,mercearia, Bolachas Belgas com Cobertura Branca Saborosa - 6 un ,0.198,KG,1.79,9.04,€
2926,2023-05-12 18:26:22,mercearia, Bolachas Palitos Dan Cake ,0.2,KG,1.94,9.7,€
2927,2023-05-12 18:26:22,mercearia, Cevada Solúvel Delta ,0.2,KG,1.79,8.95,€
2928,2023-05-12 18:26:22,mercearia, Pão de Leite Bimbo ,8.0,UN,1.89,0.24,€
2929,2023-05-12 18:26:22,mercearia, Bolachas Tosta Rica Mini Go Cuétara - 8 un ,0.24,KG,2.09,8.71,€
2930,2023-05-12 18:26:22,mercearia, Bolachas de Manteiga Dan Cake ,0.2,KG,1.99,9.95,€
2931,2023-05-12 18:26:22,mercearia, Bolachas de Chocolate de Leite Mini Estrelas Prince - 5 un ,0.187,KG,1.94,10.37,€
2932,2023-05-12 18:26:22,mercearia, Bolachas Choco Minis Milka - 5 un ,0.185,KG,1.94,10.49,€
2933,2023-05-12 18:26:22,mercearia, Mistura Solúvel Cevada Chicória e Centeio Delta ,0.2,KG,1.95,9.75,€
2934,2023-05-12 18:26:22,mercearia, Molho Piri-Piri Extra Forte Gallo ,0.05,L,2.24,44.8,€
2935,2023-05-12 18:26:22,mercearia, Bolacha Biscoff Caramelizada Lotus ,0.25,KG,1.99,7.96,€
2936,2023-05-12 18:26:22,mercearia, Molho Picante Jalapenõ Gallo ,0.05,L,2.24,44.8,€
2937,2023-05-12 18:26:22,mercearia, Bolachas Cracker Original TUC - 8 un ,0.25,KG,1.94,7.76,€
2938,2023-05-12 18:26:22,mercearia, Bolachas Finas de Aveia Chocolate Zero Gullon ,0.15,KG,1.74,11.6,€
2939,2023-05-12 18:26:22,mercearia, Vinagre Balsâmico de Modena Gourmet Gallo ,0.25,L,2.14,8.56,€
2940,2023-05-12 18:26:22,mercearia, Bolachas Digestivas To Go Chocolate Negro McVitie's - 6 un ,0.19979999999999998,KG,1.99,9.95,€
2941,2023-05-12 18:26:22,mercearia, Salsichas de Soja Izidoro - 8 un ,8.0,UN,1.84,0.23,€
2942,2023-05-12 18:26:22,mercearia, Salada Chinesa em Vinagre de Vinho Ferbar ,0.345,KG,1.69,4.9,€
2943,2023-05-12 18:26:22,mercearia, Bolachas Choco-Sandwich Tuestis Gullon - 5 un ,0.22,KG,1.29,5.86,€
2944,2023-05-12 18:26:22,mercearia, Bolachas Digestivas Finas de Chocolate Negro Thins McVitie's ,0.15,KG,1.99,13.27,€
2945,2023-05-12 18:26:22,mercearia, Bolachas Digestivas Finas de Chocolate de Leite Thins McVitie's ,0.15,KG,1.99,13.27,€
2946,2023-05-12 18:26:22,mercearia, Leite de Coco Jerónimos ,0.4,L,2.14,5.35,€
2947,2023-05-12 18:26:22,mercearia, Bolachas Digestive Chocolate Negro McVitie's ,0.3,KG,2.39,7.97,€
2948,2023-05-12 18:26:22,mercearia, Pimenta Branca Moída Margão ,0.04,KG,1.94,48.5,€
2949,2023-05-12 18:26:22,mercearia, Corantes Alimentares Vahiné ,0.024,KG,1.99,82.92,€
2950,2023-05-12 18:26:22,mercearia, Vinagre de Sidra Aromatizado com Hortelã Gallo ,0.25,L,1.99,7.96,€
2951,2023-05-12 18:26:22,mercearia, Galão Solúvel Original Nescafé ,8.0,UN,2.39,0.3,€
2952,2023-05-12 18:26:22,mercearia, Maionese Deliciosa Top Down Heinz ,0.4,L,2.44,6.1,€
2953,2023-05-12 18:26:22,mercearia, Café Cápsulas Tradição Intensidade 7 Nespresso Chave D'Ouro ,10.0,UN,1.59,0.16,€
2954,2023-05-12 18:26:22,mercearia, Café Cápsulas Especial Intensidade 6 Nespresso Chave D'Ouro ,10.0,UN,1.59,0.16,€
2955,2023-05-12 18:26:22,mercearia, Café Cápsulas Prestígio Intensidade 10 Nespresso Chave D'Ouro ,10.0,UN,1.59,0.16,€
2956,2023-05-12 18:26:22,mercearia, Café Cápsulas Aromático Intensidade 12 NespressoChave D'Ouro ,10.0,UN,1.59,0.16,€
2957,2023-05-12 18:26:22,mercearia, Bolachas Digestivas To Go Chocolate de Leite McVitie's - 6 un ,0.19979999999999998,KG,1.99,9.95,€
2958,2023-05-12 18:26:22,mercearia, Azeitonas Galegas Qampo ,0.21,KG,1.99,9.48,€
2959,2023-05-12 18:26:22,mercearia, Descafeinado Cápsulas Intensidade 5 Nespresso Chave D'Ouro ,10.0,UN,1.59,0.16,€
2960,2023-05-12 18:26:22,mercearia, Batatas Fritas Forno Camponesas Lay's ,0.13,KG,1.34,10.31,€
2961,2023-05-12 18:26:22,mercearia, Batatas Fritas Forno Paprika Lay's ,0.13,KG,1.34,10.31,€
2962,2023-05-12 18:26:22,mercearia, Batatas Fritas Forno Originais Lay's ,0.15,KG,1.34,8.93,€
2963,2023-05-12 18:26:22,mercearia, Ketchup Hot Chilli Heinz ,0.342,KG,2.59,7.57,€
2964,2023-05-12 18:26:22,mercearia, Ketchup Heinz ,0.342,KG,2.39,6.99,€
2965,2023-05-12 18:26:22,mercearia, Bolachas Choco Biscuits Milka - 2 saquetas ,0.15,KG,1.94,12.93,€
2966,2023-05-12 18:26:22,mercearia, Bolachas Chocolate Branco Mini Estrela Prince - 5 un ,0.187,KG,1.94,10.37,€
2967,2023-05-12 18:26:22,mercearia, Amendoim no Forno com Sal e Mel Matutano ,0.15,KG,1.79,11.93,€
2968,2023-05-12 18:26:22,mercearia, Cocktail Tostado no Forno Matutano ,0.095,KG,1.79,18.84,€
2969,2023-05-12 18:26:22,mercearia, Vinagre Balsâmico de Sidra Gallo ,0.25,L,1.84,7.36,€
2970,2023-05-12 18:26:22,mercearia, Bolachas My Cookie XL Chocolate de Leite Nacional ,0.18,KG,1.94,10.78,€
2971,2023-05-12 18:26:22,mercearia, Ketchup Heinz ,0.34,KG,2.78,8.18,€
2972,2023-05-12 18:26:22,mercearia, Fermento em Pó Vahiné ,0.108,KG,2.44,22.59,€
2973,2023-05-12 18:26:22,mercearia, Bolo Snack Clássico Bollycao - 4 un ,4.0,UN,2.18,0.55,€
2974,2023-05-12 18:26:22,mercearia, Bolachas Softbakes com Chocolate Belvita - 5 un ,0.25,KG,2.49,9.96,€
2975,2023-05-12 18:26:22,mercearia, Bolo Snack de Leite Manhãzitos - 5 un ,5.0,UN,2.24,0.45,€
2976,2023-05-12 18:26:22,mercearia, Bolo Snack de Choco Chips Manhãzitos - 5 un ,5.0,UN,2.24,0.45,€
2977,2023-05-12 18:26:22,mercearia, Snack Mix Max Coco Balconi -10 un ,0.35,KG,2.19,6.26,€
2978,2023-05-12 18:26:22,mercearia, Snack Mix Max com Creme de Cacau Balconi -10 un ,0.35,KG,2.19,6.26,€
2979,2023-05-12 18:26:22,mercearia, Snack Balance Bollycao - 4 un ,4.0,UN,2.18,0.55,€
2980,2023-05-12 18:26:22,mercearia, Pickles em Vinagre de Vinho Ferbar ,0.68,KG,1.69,2.49,€
2981,2023-05-12 18:26:22,mercearia, Bolachas de Chocolate Ring Zero Gullon ,0.15,KG,1.54,10.27,€
2982,2023-05-12 18:26:22,mercearia, Chocolate de Leite Kitkat ,0.1245,KG,1.99,15.92,€
2983,2023-05-12 18:26:22,mercearia, Bolachas de Chocolate Choco Finas Milka ,0.126,KG,1.49,11.82,€
2984,2023-05-12 18:26:22,mercearia, Tablete de Chocolate Negro 70% Cacau Jacquot ,0.1,KG,1.49,14.9,€
2985,2023-05-12 18:26:22,mercearia, Cereais de Chocolate Nestlé Nesquik ,0.3,KG,1.79,5.97,€
2986,2023-05-12 18:26:22,mercearia, Cereais de Mel Integrais Nestlé Nestum ,0.25,KG,1.73,6.92,€
2987,2023-05-12 18:26:22,mercearia, Massa Bulgur Wok Milaneza ,0.5,KG,1.69,3.38,€
2988,2023-05-12 18:26:22,mercearia, Vinagre Balsâmico Gallo ,0.25,L,1.69,6.76,€
2989,2023-05-12 18:26:22,mercearia, Bolachas Cracker Integrais TUC - 8 un ,0.276,KG,1.94,7.03,€
2990,2023-05-12 18:26:22,mercearia, Adoçante com Doseador Canderel ,100.0,UN,1.04,0.01,€
2991,2023-05-12 18:26:22,mercearia, Amendoim no Forno Matutano ,0.2,KG,1.79,8.95,€
2992,2023-05-12 18:26:22,mercearia, Molho Piri-piri com Azeite Gallo ,0.05,L,1.86,37.2,€
2993,2023-05-12 18:26:22,mercearia, Vinagre de Sidra Gallo ,0.25,L,1.69,6.76,€
2994,2023-05-12 18:26:22,mercearia, Vinagre Balsâmico Branco Gallo ,0.25,L,1.69,6.76,€
2995,2023-05-12 18:26:22,mercearia, Café Cápsulas Blonde Espresso Roast 6 Dolce Gusto Starbucks ,12.0,UN,4.98,0.41,€
2996,2023-05-12 18:26:22,mercearia, Café Cápsulas Colômbia 7 Dolce Gusto Starbucks ,12.0,UN,4.98,0.41,€
2997,2023-05-12 18:26:22,mercearia, Café Cápsulas Espresso Roast 11 Dolce Gusto Starbucks ,12.0,UN,4.98,0.41,€
2998,2023-05-12 18:26:22,mercearia, Cappuccino Cápsulas Nestlé Dolce Gusto Starbucks ,12.0,UN,4.98,0.41,€
2999,2023-05-12 18:26:22,mercearia, Caramelo Macchiato Cápsulas Nestlé Dolce Gusto Starbucks ,12.0,UN,4.98,0.41,€
3000,2023-05-12 18:26:22,mercearia, Doce de Framboesa sem Açúcar St. Dalfour ,0.284,KG,3.29,11.58,€
3001,2023-05-12 18:26:22,mercearia, Doce de Morango sem Açúcar St. Dalfour ,0.284,KG,3.29,11.58,€
3002,2023-05-12 18:26:22,mercearia, Caju Frito com Sal Frutorra ,0.2,KG,2.79,13.95,€
3003,2023-05-12 18:26:22,mercearia, Café Moagem Universal Colômbia Delta ,0.22,KG,2.59,11.77,€
3004,2023-05-12 18:26:22,mercearia, Ketchup Top Down Heinz ,0.57,KG,3.24,5.68,€
3005,2023-05-12 18:26:22,mercearia, Barras de Cereais Chocolate Negro Special K Kellogg's ,0.129,KG,1.89,14.65,€
3006,2023-05-12 18:26:22,mercearia, Barras de Cereais Protein Coco Cacau e Caju Special K Kellogg's ,0.112,KG,1.89,16.88,€
3007,2023-05-12 18:26:22,mercearia, Doce de Maçã e Canela St. Dalfour ,0.284,KG,3.29,11.58,€
3008,2023-05-12 18:26:22,mercearia, Café Moagem Universal Cuba Delta ,0.22,KG,2.59,11.77,€
3009,2023-05-12 18:26:22,mercearia, Café Moagem Universal Brasil Delta ,0.22,KG,2.59,11.77,€
3010,2023-05-12 18:26:22,mercearia, Café Solúvel Intenso Delta ,0.1,KG,2.36,23.6,€
3011,2023-05-12 18:26:22,mercearia, Ketchup Redução de Açúcar e Sal Top Down Heinz ,0.55,KG,3.24,5.89,€
3012,2023-05-12 18:26:22,mercearia, Doce de Pêssego St. Dalfour ,0.284,KG,3.29,11.58,€
3013,2023-05-12 18:26:22,mercearia, Doce de Framboesa e Romã St. Dalfour ,0.284,KG,3.29,11.58,€
3014,2023-05-12 18:26:22,mercearia, Ketchup Top Down Calvé ,0.55,KG,3.24,5.89,€
3015,2023-05-12 18:26:22,mercearia, Caju Cru Frutorra ,0.2,KG,2.79,13.95,€
3016,2023-05-12 18:26:22,mercearia, Puré de Fruta Banana 100% Vegetal Blédina ,0.38,KG,2.99,7.87,€
3017,2023-05-12 18:26:22,mercearia, Doce de Manga Maracujá St. Dalfour ,0.284,KG,3.29,11.58,€
3018,2023-05-12 18:26:22,mercearia, Café Solúvel Delta ,0.1,KG,2.35,23.5,€
3019,2023-05-12 18:26:22,mercearia, Café Moagem Universal Timor Delta ,0.22,KG,2.59,11.77,€
3020,2023-05-12 18:26:22,mercearia, Café Grão Torrado Colômbia Delta ,0.22,KG,2.59,11.77,€
3021,2023-05-12 18:26:22,mercearia, Café Torrado Moagem Universal Angola Delta ,0.22,KG,2.59,11.77,€
3022,2023-05-12 18:26:22,mercearia, Café Moagem Universal Índia Delta ,0.22,KG,1.98,9.0,€
3023,2023-05-12 18:26:22,mercearia, Cevada Cápsulas Pure Cevada Delta Q ,10.0,UN,2.59,0.26,€
3024,2023-05-12 18:26:22,mercearia, Maionese Deliciosa Light Heinz ,0.48,L,3.15,6.56,€
3025,2023-05-12 18:26:22,mercearia, Cappuccino Descafeinado Solúvel Nescafé ,10.0,UN,2.68,0.27,€
3026,2023-05-12 18:26:22,mercearia, Cappuccino Café Solúvel Nescafé ,10.0,UN,2.68,0.27,€
3027,2023-05-12 18:26:22,mercearia, Cappuccino Intenso Café Solúvel Nescafé ,10.0,UN,2.68,0.27,€
3028,2023-05-12 18:26:22,mercearia, Cappuccino Caramel Latte Solúvel Nescafé ,8.0,UN,2.68,0.34,€
3029,2023-05-12 18:26:22,mercearia, Cappuccino Mocha Café Solúvel Nescafé ,8.0,UN,2.68,0.34,€
3030,2023-05-12 18:26:22,mercearia, Cereais Crunchy Muesli Pingo Doce ,1.0,KG,3.29,3.29,€
3031,2023-05-12 18:26:22,mercearia," Cereais de Trigo, Mel e Aveia Nestlé Cheerios ",0.375,KG,2.69,7.17,€
3032,2023-05-12 18:26:22,mercearia, Cereais de Chocolate e Caramelo Nestlé Lion ,0.4,KG,2.69,6.72,€
3033,2023-05-12 18:26:22,mercearia, Bolachas Tosta Rica Sortido Infantil Cuétara ,0.57,KG,2.99,5.25,€
3034,2023-05-12 18:26:22,mercearia, Café Original Torrado Moído Moagem Normal Buondi ,0.22,KG,3.14,14.27,€
3035,2023-05-12 18:26:22,mercearia, Chocolate Amendoim e Caramelo Salgado M&M's ,0.16,KG,2.99,18.69,€
3036,2023-05-12 18:26:22,mercearia, Chocolate Crispy M&M's ,0.17,KG,2.99,17.59,€
3037,2023-05-12 18:26:22,mercearia, Barras de Cereais Chocolate de Leite Special K Kellogg's ,0.129,KG,1.89,14.65,€
3038,2023-05-12 18:26:22,mercearia, Barras de Cereais Frutos Vermelhos Special K Kellogg's ,0.129,KG,1.89,14.65,€
3039,2023-05-12 18:26:22,mercearia, Cereais Kellogg's Froot Loops ,0.375,KG,2.48,6.61,€
3040,2023-05-12 18:26:22,mercearia, Bolachas Crackers sem Sal Gran Pavesi - 18 un ,0.5598000000000001,KG,3.19,5.7,€
3041,2023-05-12 18:26:22,mercearia, Animais Kawaii Decorativos Vahiné ,0.007,KG,3.14,448.57,€
3042,2023-05-12 18:26:22,mercearia, Unicórnios Decorativos Vahiné ,0.008,KG,3.14,392.5,€
3043,2023-05-12 18:26:22,mercearia, Bolachas Crackers com Sal Gran Pavesi - 18 un ,0.5598000000000001,KG,3.19,5.7,€
3044,2023-05-12 18:26:22,mercearia, Café Moído Aroma Intenso 10 Bellissimo ,0.2,KG,1.84,9.2,€
3045,2023-05-12 18:26:22,mercearia, Café Moído Aroma Original 08 Bellissimo ,0.2,KG,1.84,9.2,€
3046,2023-05-12 18:26:22,mercearia, Café Torrado Moído Moagem Normal Boundi ,0.2,KG,2.68,13.4,€
3047,2023-05-12 18:26:22,mercearia, Cereais Duo Chocapic ,0.4,L,3.34,8.35,€
3048,2023-05-12 18:26:22,mercearia, Café Grão Torrado Extreme Buondi ,0.22,KG,3.14,14.27,€
3049,2023-05-12 18:26:22,mercearia, Café Intenso Torrado Moído Moagem Normal Buondi ,0.22,KG,3.14,14.27,€
3050,2023-05-12 18:26:22,mercearia, Adoçante Saquetas Canderel ,100.0,UN,2.44,0.02,€
3051,2023-05-12 18:26:22,mercearia, Adoçante Green Stevia Canderel ,0.04,KG,2.44,61.0,€
3052,2023-05-12 18:26:22,mercearia, Café Solúvel Creme Delta ,0.08,KG,2.19,27.38,€
3053,2023-05-12 18:26:22,mercearia, Maionese Deliciosa Heinz ,0.46,KG,3.15,6.85,€
3054,2023-05-12 18:26:22,mercearia, Alho Fumado Margão ,0.048,KG,2.59,53.96,€
3055,2023-05-12 18:26:22,mercearia, Alho Picado Margão ,0.06,KG,2.59,43.17,€
3056,2023-05-12 18:26:22,mercearia, Doce de Amoras St. Dalfour ,0.284,KG,3.29,11.58,€
3057,2023-05-12 18:26:22,mercearia, Doce de Cereja St Dalfour ,0.284,KG,3.29,11.58,€
3058,2023-05-12 18:26:22,mercearia, Pepitas de Chocolate 70% Cacau Vahiné ,0.1,KG,3.29,32.9,€
3059,2023-05-12 18:26:22,mercearia, Corações de Açúcar Vahiné ,0.02,KG,3.14,157.0,€
3060,2023-05-12 18:26:22,mercearia, Pepitas de Caramelo Vahiné ,0.07,KG,2.89,41.28,€
3061,2023-05-12 18:26:22,mercearia, Pepitas de Chocolate Negro Vahiné ,0.1,KG,2.89,28.9,€
3062,2023-05-12 18:26:22,mercearia, Doce de 4 Frutos sem Açúcar St. Dalfour ,0.284,KG,3.29,11.58,€
3063,2023-05-12 18:26:22,mercearia, Doce de Arando e Mirtilo sem Açúcar St. Dalfour ,0.284,KG,3.29,11.58,€
3064,2023-05-12 18:26:22,mercearia, Salsichas de Soja Izidoro - 5 un ,0.4,KG,2.94,7.35,€
3065,2023-05-12 18:26:22,mercearia, Café Cápsulas Qdis Delta Q ,10.0,UN,2.99,0.3,€
3066,2023-05-12 18:26:22,mercearia, Café Solúvel e Cereais Mistura Delta ,0.2,KG,3.05,15.25,€
3067,2023-05-12 18:26:22,mercearia, Adoçante em Pó Canderel ,0.09,KG,3.14,34.89,€
3068,2023-05-12 18:26:22,mercearia, Café Solúvel Intenso Nescafé ,0.1,KG,3.56,35.6,€
3069,2023-05-12 18:26:22,mercearia, Maionese Top Down Calvé ,0.753,KG,3.69,4.9,€
3070,2023-05-12 18:26:22,mercearia, Amêndoas em Pó Vahiné ,0.125,KG,3.34,26.72,€
3071,2023-05-12 18:26:22,mercearia, Amêndoas Laminadas Vahiné ,0.125,KG,3.19,25.52,€
3072,2023-05-12 18:26:22,mercearia, Café Cápsulas Mythiq 15 Delta Q ,10.0,UN,3.14,0.31,€
3073,2023-05-12 18:26:22,mercearia, Café Cápsulas Aqtivus 8 Delta Q ,10.0,UN,3.14,0.31,€
3074,2023-05-12 18:26:22,mercearia, Descafeinado Cápsulas Qalidus 10 Delta Q ,10.0,UN,3.14,0.31,€
3075,2023-05-12 18:26:22,mercearia, Café Cápsulas Extreme Nespresso Buondi ,10.0,UN,2.99,0.3,€
3076,2023-05-12 18:26:22,mercearia, Chá Verde SuperTeas Detox Tetley ,20.0,UN,2.79,0.14,€
3077,2023-05-12 18:26:22,mercearia, Chá Verde Matcha Mirtilo Tetley ,20.0,UN,2.79,0.14,€
3078,2023-05-12 18:26:22,mercearia, Café Cápsulas Original Buondi Nespresso ,10.0,UN,2.99,0.3,€
3079,2023-05-12 18:26:22,mercearia, Café Cápsulas Intenso Buondi Nespresso ,10.0,UN,2.99,0.3,€
3080,2023-05-12 18:26:22,mercearia, Café Cápsulas Encorpado Buondi Nespresso ,10.0,UN,2.99,0.3,€
3081,2023-05-12 18:26:22,mercearia, Tablete de Chocolate Negro Dark Nestlé ,0.27,KG,2.94,10.89,€
3082,2023-05-12 18:26:22,mercearia, Aroma de Baunilha Vahiné ,0.2,KG,3.34,16.7,€
3083,2023-05-12 18:26:22,mercearia, Café Cápsulas Corposo 10 Pingo Doce ,16.0,UN,3.79,0.24,€
3085,2023-05-12 18:26:22,mercearia, Cereais de Chocolate Negro Special K ,0.375,KG,2.78,7.41,€
3086,2023-05-12 18:26:22,mercearia, Tablete de Chocolate de Leite Max Milka ,0.27,KG,2.99,11.07,€
3087,2023-05-12 18:26:22,mercearia, Tablete de Chocolate Morango e Cheesecake Milka ,0.3,KG,2.99,9.97,€
3088,2023-05-12 18:26:22,mercearia, Bolo Snack Donuts Classic - 6 un ,6.0,UN,2.89,0.48,€
3089,2023-05-12 18:26:22,mercearia, Cereais de Mel Nestlé Estrelitas ,0.55,KG,2.99,5.44,€
3090,2023-05-12 18:26:22,mercearia, Café Cápsulas Epiq 14 Delta Q ,10.0,UN,3.14,0.31,€
3091,2023-05-12 18:26:22,mercearia, Descafeinado Cápsulas Deqafeinatus 7 Delta Q ,10.0,UN,3.14,0.31,€
3092,2023-05-12 18:26:22,mercearia, Vinagre Balsâmico de Modena Gallo ,0.5,L,2.99,5.98,€
3093,2023-05-12 18:26:22,mercearia, Café Cápsulas Qalidus 10 Delta Q ,10.0,UN,3.14,0.31,€
3094,2023-05-12 18:26:22,mercearia, Café Cápsulas Qharisma 12 Delta Q ,10.0,UN,3.14,0.31,€
3095,2023-05-12 18:26:22,mercearia, Salsichas de Aves Hot Dog Izidoro - 7 un ,0.65,KG,3.59,5.52,€
3096,2023-05-12 18:26:22,mercearia, Salsichas de Aves Izidoro - 8 un ,0.65,KG,3.59,5.52,€
3097,2023-05-12 18:26:22,mercearia, Café Cápsulas Qharacter 9 Delta Q ,10.0,UN,3.14,0.31,€
3098,2023-05-12 18:26:22,mercearia, Café Cápsulas Qonvictus 5 Delta Q ,10.0,UN,3.14,0.31,€
3099,2023-05-12 18:26:22,mercearia, Café Solúvel Clássico Creme Nescafé ,0.1,KG,3.14,31.4,€
3100,2023-05-12 18:26:22,mercearia, Pasta de Açúcar Vahiné ,0.25,KG,3.89,15.56,€
3101,2023-05-12 18:26:22,mercearia, Figo Seco Seeberger ,0.2,KG,2.99,14.95,€
3102,2023-05-12 18:26:22,mercearia, Cereais Special K Frutos Secos Protein Kellogg's ,0.33,KG,2.84,8.61,€
3103,2023-05-12 18:26:22,mercearia, Cereais Frutos Vermelhos Special K Kellogg's ,0.3,KG,2.78,9.27,€
3104,2023-05-12 18:26:22,mercearia, Molho Napoletana Barilla ,0.4,KG,3.51,8.77,€
3105,2023-05-12 18:26:22,mercearia, Pimenta Preta com Moinho Margão ,0.035,KG,3.36,96.0,€
3106,2023-05-12 18:26:22,mercearia, Alho com Moinho Margão ,0.04,KG,3.34,83.5,€
3107,2023-05-12 18:26:22,mercearia, Pimenta 5 Bagas com Moinho Margão ,0.024,KG,3.36,139.99,€
3108,2023-05-12 18:26:22,mercearia, Pimenta do Chefe com Moinho Margão ,0.034,KG,3.36,98.82,€
3114,2023-05-12 18:26:22,mercearia, Molho Basílico Barilla ,0.4,KG,3.51,8.77,€
3125,2023-05-12 18:26:22,mercearia, Salsichas de Aves Izidoro - 9 un ,9.0,UN,2.84,0.32,€
3126,2023-05-12 18:26:22,mercearia, Pimenta Branca com Moinho Margão ,0.039,KG,3.36,86.15,€
3127,2023-05-12 18:26:22,mercearia, Descafeinado Cápsulas Expresso Nespresso Roast Starbucks ,10.0,UN,3.84,0.38,€
3128,2023-05-12 18:26:22,mercearia, Café Cápsulas Italian Roast Starbucks Nespresso ,10.0,UN,3.84,0.38,€
3129,2023-05-12 18:26:22,mercearia, Café Cápsulas Timor Delta Q ,10.0,UN,3.44,0.34,€
3130,2023-05-12 18:26:22,mercearia, Descafeinado Solúvel Nescafé ,0.1,KG,3.49,34.9,€
3131,2023-05-12 18:26:22,mercearia, Café Cápsulas Colombia 7 Nespresso Starbucks ,10.0,UN,3.84,0.38,€
3132,2023-05-12 18:26:22,mercearia, Café Cápsulas House Blend 8 Nespresso Starbucks ,10.0,UN,3.84,0.38,€
3133,2023-05-12 18:26:22,mercearia, Bebida de Cereais com Café Nestlé Mokambo ,0.2,KG,3.78,18.9,€
3134,2023-05-12 18:26:22,mercearia, Mistura Solúvel de Cereais e Café Intenso Mokambo ,0.175,KG,3.78,21.6,€
3135,2023-05-12 18:26:22,mercearia, Molho Pesto Ricotta e Noz Barilla ,0.19,KG,3.74,19.68,€
3136,2023-05-12 18:26:22,mercearia, Café Cápsulas Dark Roast Delta Q ,10.0,UN,3.44,0.34,€
3137,2023-05-12 18:26:22,mercearia, Café Cápsulas Medium Roast Delta Q ,10.0,UN,3.44,0.34,€
3138,2023-05-12 18:26:22,mercearia, Café Cápsulas Double Delta Q ,10.0,UN,3.44,0.34,€
3139,2023-05-12 18:26:22,mercearia, Café Cápsulas Colombia Delta Q ,10.0,UN,3.44,0.34,€
3140,2023-05-12 18:26:22,mercearia, Café Cápsulas Ethiopia Delta Q ,10.0,UN,3.44,0.34,€
3141,2023-05-12 18:26:22,mercearia, Café Cápsulas Qanela Delta Q ,10.0,UN,3.44,0.34,€
3142,2023-05-12 18:26:22,mercearia, Molho Bolonhesa Barilla ,0.4,KG,3.74,9.35,€
3143,2023-05-12 18:26:22,mercearia, Molho Pesto Genovês Barilla ,0.19,KG,3.74,19.68,€
3144,2023-05-12 18:26:22,mercearia, Molho Tomate e Ricotta Barilla ,0.4,KG,3.74,9.35,€
3145,2023-05-12 18:26:22,mercearia, Cereais de Chocolate Nestlé Chocapic ,0.625,KG,3.69,5.9,€
3146,2023-05-12 18:26:22,mercearia, Café Cápsulas Comendador Delta Q ,10.0,UN,3.44,0.34,€
3147,2023-05-12 18:26:22,mercearia, Café Cápsulas Blonde 6 Nespresso Starbucks ,10.0,UN,3.84,0.38,€
3148,2023-05-12 18:26:22,mercearia, Café Cápsulas Expresso Roast 11 Nespresso Starbucks ,10.0,UN,3.84,0.38,€
3149,2023-05-12 18:26:22,mercearia, Café Solúvel Gran Café Gold Delta ,0.1,KG,2.96,29.6,€
3150,2023-05-12 18:26:22,mercearia, Café Cápsulas Verona 10 Nespresso Starbucks ,10.0,UN,3.84,0.38,€
3151,2023-05-12 18:26:22,mercearia, Cereais Special K Aveia e Mel Kellogg's ,0.42,KG,3.24,7.71,€
3152,2023-05-12 18:26:22,mercearia, Cereais de Aveia Integral Nestlé Fitness ,0.625,KG,3.59,5.74,€
3153,2023-05-12 18:26:22,mercearia, Bolachas de Manteiga Lata Dan Cake ,0.34,KG,4.04,11.88,€
3154,2023-05-12 18:26:22,mercearia, Salsichas de Porco Hot Dog Izidoro - 8 un ,8.0,UN,4.24,0.53,€
3155,2023-05-12 18:26:22,mercearia, Adoçante com Stevia Saquetas para Doseador Canderel ,300.0,UN,3.96,0.01,€
3156,2023-05-12 18:26:22,mercearia, Bolo de Chocolate Délice Kinder - 10 un ,10.0,UN,3.99,0.4,€
3157,2023-05-12 18:26:22,mercearia, Café Solúvel Gold Nescafé ,0.1,KG,4.99,49.9,€
3158,2023-05-12 18:26:22,mercearia, Café Grão Lote Supreme ,1.0,KG,5.49,5.49,€
3159,2023-05-12 18:26:22,mercearia, Cereais Classic Kellogg's Special K ,0.75,KG,4.09,5.45,€
3160,2023-05-12 18:26:22,mercearia, Café Solúvel Creme Delta ,0.16,KG,3.69,23.06,€
3161,2023-05-12 18:26:22,mercearia, Café Solúvel Intenso Delta ,0.2,KG,3.64,18.2,€
3167,2023-05-12 18:26:22,mercearia, Cápsulas de Latte Macchiato Dolce Gusto Starbucks ,12.0,UN,4.98,0.41,€
3168,2023-05-12 18:26:22,mercearia, Café Cápsulas House Blend 8 Dolce Gusto Starbucks ,12.0,UN,4.98,0.41,€
3169,2023-05-12 18:26:22,mercearia, Leite de Aveia e Café Cápsulas Dolce Gusto Starbucks ,12.0,UN,4.98,0.41,€
3170,2023-05-12 18:26:22,mercearia, Cappuccino Cápsulas Nescafé Dolce Gusto ,16.0,UN,5.19,0.32,€
3171,2023-05-12 18:26:22,mercearia, Chocolate Quente Cápsulas Chococino Nescafé Dolce Gusto ,16.0,UN,5.19,0.32,€
3172,2023-05-12 18:26:22,mercearia, Café Cápsulas Buondi 8 Nescafé Dolce Gusto ,16.0,UN,5.49,0.34,€
3173,2023-05-12 18:26:22,mercearia, Café Cápsulas Sical 7 Nescafé Dolce Gusto ,16.0,UN,5.49,0.34,€
3174,2023-05-12 18:26:22,mercearia, Café Cápsulas Expresso Intenso 7 Nescafé Dolce Gusto ,16.0,UN,5.49,0.34,€
3175,2023-05-12 18:26:22,mercearia, Café Cápsulas Ristretto Barista 9 Nescafé Dolce Gusto ,16.0,UN,5.49,0.34,€
3176,2023-05-12 18:26:22,mercearia, Café Cápsulas Buondi Intenso 10 Nescafé Dolce Gusto ,16.0,UN,5.49,0.34,€
3177,2023-05-12 18:26:22,mercearia, Descafeinado Cápsulas Expresso Nescafé Dolce Gusto ,16.0,UN,5.49,0.34,€
3178,2023-05-12 18:26:22,mercearia, Descafeinado Cápsulas Dolce Gusto Intenso ,16.0,UN,5.49,0.34,€
3179,2023-05-12 18:26:22,mercearia, Café Cápsulas com Leite Galão Intenso Nescafé Dolce Gusto ,16.0,UN,5.19,0.32,€
3180,2023-05-12 18:26:22,mercearia, Café Cápsulas Expresso 5 Nescafé Dolce Gusto ,16.0,UN,5.49,0.34,€
3181,2023-05-12 18:26:22,mercearia, Bolachas Butter Cookies Lata Dan Cake ,0.454,KG,4.94,10.88,€
3182,2023-05-12 18:26:22,mercearia, Café Solúvel Delta ,0.2,KG,3.64,18.2,€
3183,2023-05-12 18:26:22,mercearia, Recarga de Adoçante Candarel ,500.0,UN,5.46,0.01,€
3184,2023-05-12 18:26:22,mercearia, Café Solúvel Clássico Nescafé ,0.2,KG,6.99,34.95,€
3185,2023-05-12 18:26:22,mercearia, Baunilha em Vagem Vahiné ,0.003,KG,5.24,1.0,€
3186,2023-05-12 18:26:22,mercearia, Café Solúvel Black Roast Nescafé ,0.2,KG,5.49,27.45,€
3187,2023-05-12 18:26:22,mercearia, Caju Tostado com Sal Seeberger ,0.15,KG,4.99,33.27,€
3188,2023-05-12 18:26:22,mercearia, Cebola Caramelizada com Balsâmico e Vinho do Porto Casa da Prisca ,0.125,KG,2.74,21.92,€
3189,2023-05-12 18:26:22,mercearia, Bolachas Original Chips Ahoy ,0.128,KG,1.99,15.55,€
3190,2023-05-12 18:26:22,mercearia, Farinha Polvilho Doce Globo ,0.5,KG,2.39,4.78,€
3191,2023-05-12 18:26:22,mercearia, Gomas Sortidas Ácidas Sortidas Pingo Doce ,0.3,KG,1.59,5.3,€
3192,2023-05-12 18:26:22,mercearia, Vinagre de Maçã Oliveira da Serra ,0.25,L,1.99,7.96,€
3193,2023-05-12 18:26:22,mercearia, Mistura de Frutos Secos Natural Pingo Doce ,0.2,KG,2.64,13.2,€
3194,2023-05-12 18:26:22,mercearia, Bolachas Matinais com Pepitas de Chocolate Pingo Doce - 6 un ,0.3,KG,2.14,7.13,€
3195,2023-05-12 18:26:22,mercearia, Farinha de Amêndoa Pingo Doce ,0.2,KG,2.99,14.95,€
3196,2023-05-12 18:26:22,mercearia, Gomas Ursitos Morango Haribo ,0.1,KG,1.29,12.9,€
3197,2023-05-12 18:26:22,mercearia, Gomas Ácidas Haribo ,0.1,KG,1.29,12.9,€
3198,2023-05-12 18:26:22,mercearia, Amendoim Torrado com Sal Pingo Doce ,0.05,KG,0.79,1.58,€
3199,2023-05-12 18:26:22,mercearia, Pistachio Torrado com Sal Pingo Doce ,0.05,KG,0.99,1.98,€
3233,2023-05-12 18:26:22,mercearia, Bolacha Maria sem Açúcar Vieira de Castro - 12 un ,0.3,KG,2.44,8.13,€
3234,2023-05-12 18:26:22,mercearia, Edulcorante Eritritol e Stevia Green Canderel ,0.5,KG,6.99,13.98,€
3235,2023-05-12 18:26:22,mercearia, Edulcorante Líquido Canderel ,0.125,L,2.99,23.92,€
3236,2023-05-12 18:26:22,mercearia, Snack de Chilli Doritos ,0.14,KG,1.39,9.93,€
3237,2023-05-12 18:26:22,mercearia, Bolachas de Chocolate e Caramelo Filipinos ,0.128,KG,1.09,8.52,€
3238,2023-05-12 18:26:22,mercearia, Batatas Fritas Camponesas Lay's ,0.15,KG,1.19,7.93,€
3239,2023-05-12 18:26:22,mercearia, Batatas Fritas Hot&Spicy Pringles ,0.175,KG,2.24,12.8,€
3240,2023-05-12 18:26:22,mercearia, Waffers de Cacau Bites Waferland ,0.125,KG,1.19,9.52,€
3241,2023-05-12 18:26:22,mercearia, Cholocate M&M's ,0.2,KG,2.99,14.95,€
3242,2023-05-12 18:26:22,mercearia, Chocolate e Amendoim M&M's ,0.2,KG,2.99,14.95,€
3243,2023-05-12 18:26:22,mercearia, Waffers de Avelã Bites Waferland ,0.125,KG,1.19,9.52,€
3244,2023-05-12 18:26:22,mercearia, Waffers de Cacau Waferland ,0.175,KG,0.99,5.66,€
3245,2023-05-12 18:26:22,mercearia, Waffers de Avelã Waferland ,0.175,KG,0.99,5.66,€
3246,2023-05-12 18:26:22,mercearia, Pudim de Café Zero% Condi ,0.022,KG,0.44,20.0,€
3247,2023-05-12 18:26:22,mercearia, Snack Bolo de Chocolate Rayado Donettes - 6 un ,6.0,UN,1.44,0.24,€
3248,2023-05-12 18:26:22,mercearia, Bolachas Tosta Rica com Cobertura de Chocolate Pokémon Cuétara - 6 un ,0.252,KG,1.69,8.05,€
3249,2023-05-12 18:26:22,mercearia, Bolachas Recheadas de Chocolate Pingo Doce ,0.5,KG,1.69,3.38,€
3250,2023-05-12 18:26:22,mercearia, Café Moído Robusto Intensidade 13 Buondi ,0.2,KG,3.14,15.7,€
3251,2023-05-12 18:26:22,mercearia, Pimenta Preta em Grão Margão ,0.015,KG,0.89,59.33,€
3252,2023-05-12 18:26:22,mercearia, Bolachas de Sementes The Rustik Bakery ,0.16,KG,1.99,12.44,€
3253,2023-05-12 18:26:22,mercearia, Bolachas de Chocolate The Rustik Bakery ,0.16,KG,1.99,12.44,€
3254,2023-05-12 18:26:22,mercearia, Bolachas de Amêndoa e Chocolate com Cobertura Iguarias Pingo Doce ,0.1,KG,1.79,17.9,€
3255,2023-05-12 18:26:22,mercearia, Bolachas de Arroz Crocante com Cobertura Iguarias Pingo Doce ,0.1,KG,1.79,17.9,€
3256,2023-05-12 18:26:22,mercearia, Bolachas My Cookie Aveia e Chocolate Negro Nacional ,0.15,KG,1.19,7.93,€
3257,2023-05-12 18:26:22,mercearia, Doce de Morango e Ruibarbo Dalfour ,284.0,KG,3.29,11.58,€
3258,2023-05-12 18:26:22,mercearia, Doce de Uva Dalfour ,284.0,KG,3.29,11.58,€
3259,2023-05-12 18:26:22,mercearia, Salsichas Bockwurst Embalagem Familiar Izidoro - 9 un ,9.0,UN,2.84,0.32,€
3260,2023-05-12 18:26:22,mercearia, Chocolate com Manteiga de Amendoim Reese's ,0.042,KG,0.95,22.62,€
3261,2023-05-12 18:26:22,mercearia, Chocolate Mini com Manteiga de Amendoim Reese's ,0.09,KG,1.89,21.0,€
3262,2023-05-12 18:26:22,mercearia, Café Torrado Moagem Universal Portugal Delta ,0.22,KG,2.39,10.86,€
3263,2023-05-12 18:26:22,mercearia, Pimenta da Jamaica em Grão Margão ,0.02,KG,1.56,78.0,€
3264,2023-05-12 18:26:22,mercearia, Pimenta para Bife em Grão Margão ,0.035,KG,2.09,59.71,€
3265,2023-05-12 18:26:22,mercearia, Caldo de Galinha com Azeite Virgem Extra Knorr ,8.0,UN,1.59,0.2,€
3269,2023-05-12 18:26:22,mercearia, Azeite Virgem Extra Aveludado Gallo ,0.75,L,5.46,7.28,€
3270,2023-05-12 18:26:22,mercearia, Azeite Virgem Extra Sabor Suave Bio Gallo ,0.75,L,6.78,9.04,€
3271,2023-05-12 18:26:22,mercearia, Azeite Subtil Gallo ,3.0,L,17.91,5.97,€
3272,2023-05-12 18:26:22,mercearia, Massa Mezze Maniche Rigate Milaneza ,0.5,KG,1.12,2.24,€
3273,2023-05-12 18:26:22,mercearia, Massa Spaghettoni Nº7 Milaneza ,0.5,KG,1.26,2.52,€
3274,2023-05-12 18:26:22,mercearia, Massa Linguine Garofalo ,0.2,KG,1.57,3.14,€
3275,2023-05-12 18:26:22,mercearia, Massa Hélices Milaneza ,0.5,KG,1.12,2.24,€
3276,2023-05-12 18:26:22,mercearia, Massa Esparguete Milaneza ,1.0,KG,1.59,1.59,€
3277,2023-05-12 18:26:22,mercearia, Azeite Virgem Extra Planícies do Sul Gallo ,0.75,L,5.93,7.91,€
3278,2023-05-12 18:26:22,mercearia, Azeite Virgem Extra Colheita Lezírias Gallo ,0.75,L,5.93,7.91,€
3279,2023-05-12 18:26:22,mercearia, Azeite Virgem Extra Socalcos do Norte Gallo ,0.75,L,5.93,7.91,€
3280,2023-05-12 18:26:22,mercearia, Azeite Virgem Extra Reserva Gallo ,0.75,L,5.93,7.91,€
3281,2023-05-12 18:26:22,mercearia, Massa Macarronete Alga Kombu Milaneza ,0.3,KG,2.11,7.03,€
3282,2023-05-12 18:26:22,mercearia, Azeite Virgem Delicado Formato Familiar Gallo ,3.0,L,22.63,7.54,€
3283,2023-05-12 18:26:22,mercearia, Massa Spaghettini Garofalo ,0.5,KG,1.57,3.14,€
3284,2023-05-12 18:26:22,mercearia, Tarteletes de Chocolate Pingo Doce ,0.096,KG,0.74,7.71,€
3285,2023-05-12 18:26:22,mercearia, Bolachas Tarteletes de Morango Pingo Doce ,0.096,KG,0.74,7.71,€
3286,2023-05-12 18:26:22,mercearia, Manteiga de Amêndoim com Noz Pecan ,0.25,KG,2.99,11.96,€
3289,2023-05-12 18:26:22,mercearia, Leite de Coco Light Jerónimos ,0.4,L,2.14,5.35,€
3290,2023-05-12 18:26:22,mercearia, Chocolate Branco Kitkat ,0.1245,KG,2.09,16.72,€
3291,2023-05-12 18:26:22,mercearia," Mistura Solúvel Cevada, Chicória e Centeiro Brasa Nestlé ",0.2,KG,2.48,12.4,€
3292,2023-05-12 18:26:22,mercearia, Tablete de Chocolate Negro 70% Cacau Dark Nestlé ,0.12,KG,1.94,16.17,€
3300,2023-05-12 18:26:22,mercearia, Azeite Virgem Extra Suave Gallo ,0.75,L,5.65,7.53,€
3301,2023-05-12 18:26:22,mercearia, Azeite Virgem Extra Colheita Madura Gallo ,0.5,L,6.02,12.04,€
3302,2023-05-12 18:26:22,mercearia, Azeite Virgem Extra Grande Escolha Gallo ,0.5,L,6.02,12.04,€
3310,2023-05-12 18:26:22,mercearia, Atum Posta em Tomate Dorita ,0.11,KG,0.74,6.73,€
3311,2023-05-12 18:26:22,mercearia, Chá Preto Tetley ,10.0,UN,0.69,0.07,€
3312,2023-05-12 18:26:22,mercearia, Bolachas Água e Sal Nacional ,0.125,KG,0.69,5.52,€
3313,2023-05-12 18:26:22,mercearia, Croissants Mini de Baunilha Chipicao ,0.08,KG,1.04,13.0,€
3314,2023-05-12 18:26:22,mercearia, Bolachas Mini Cookies & Cream Pingo Doce ,0.1,KG,0.99,9.9,€
3315,2023-05-12 18:26:22,mercearia, Chocolate e Amendoim M&M's ,0.045,KG,0.57,12.67,€
3316,2023-05-12 18:26:22,mercearia, Batatas Fritas Gourmet Pingo Doce ,0.17,KG,1.39,8.18,€
3317,2023-05-12 18:26:22,mercearia, Bolachas Mini Cookies com Chocolate Pingo Doce ,0.125,KG,1.29,10.32,€
3318,2023-05-12 18:26:22,mercearia, Chocolate Mars ,0.051,KG,0.57,11.18,€
3319,2023-05-12 18:26:22,mercearia, Chocolate Maltesers ,0.037,KG,0.57,15.4,€
3320,2023-05-12 18:26:22,mercearia, Bolsa de Fruta Banana Morango Blédina ,0.085,KG,0.78,9.18,€
3321,2023-05-12 18:26:22,mercearia, Bolsa de Fruta Variada Blédina ,0.085,KG,0.78,9.18,€
3325,2023-05-12 18:26:22,mercearia, Bolsa de Fruta Maçã Manga e Laranja Blédina ,0.085,KG,0.78,9.18,€
3326,2023-05-12 18:26:22,mercearia, Bolsa de Fruta Maçã Pêra Blédina ,0.085,KG,0.78,9.18,€
3327,2023-05-12 18:26:22,mercearia, Bolsa de Fruta Maçã e Banana Blédina ,0.085,KG,0.78,9.18,€
3328,2023-05-12 18:26:22,mercearia, Bolsa de Fruta Pêra Alperce e Banana Blédina ,0.085,KG,0.78,9.18,€
3329,2023-05-12 18:26:22,mercearia, Chocolate Snickers ,0.05,KG,0.57,11.4,€
3330,2023-05-12 18:26:22,mercearia, Bolachas Maria Vieira de Castro - 6 un ,0.15,KG,0.84,5.6,€
3331,2023-05-12 18:26:22,mercearia, Chocolate Twix ,0.05,KG,0.57,11.4,€
3332,2023-05-12 18:26:22,mercearia, Croissants Mini de Cacau Chipicao ,0.08,KG,1.04,13.0,€
3333,2023-05-12 18:26:22,mercearia, Chocolate M&M's ,0.045,KG,0.57,12.67,€
3334,2023-05-12 18:26:22,mercearia, Chocolate em Pó Pingo Doce ,0.125,KG,0.89,7.12,€
3335,2023-05-12 18:26:22,mercearia, Bolachas com Aveia Pingo Doce ,0.3,KG,1.09,3.63,€
3336,2023-05-12 18:26:22,mercearia, Caldo de Peixe Pingo Doce - 12 un ,12.0,UN,0.89,0.07,€
3340,2023-05-12 18:26:22,mercearia, Chupa sem Açúcar Chupa Chups ,1.0,UN,0.69,0.69,€
3341,2023-05-12 18:26:22,mercearia, Passa de Uva Pingo Doce ,0.2,KG,1.29,6.45,€
3342,2023-05-12 18:26:22,mercearia, Rebuçados Cítricos Halls ,0.0324,KG,0.94,29.01,€
3343,2023-05-12 18:26:22,mercearia, Chupa-Chupa Chups ,1.0,UN,0.45,0.45,€
3346,2023-05-12 18:26:22,mercearia, Açúcar Baunilhado Frasco Vahiné ,0.19,KG,2.29,12.05,€
3347,2023-05-12 18:26:22,mercearia, Gelificante Agar-Agar Vahiné ,0.008,KG,3.14,1.0,€
3348,2023-05-12 18:26:22,mercearia, Pasta de Bauniha Tubo Vahiné ,0.05,KG,5.99,119.8,€
3358,2023-05-12 18:26:22,mercearia, Chocolate de Coco Délice Kinder ,0.37,KG,3.99,10.78,€
3359,2023-05-12 18:26:22,mercearia, Achocolatado em Pó Nesquik ,0.7,KG,4.89,6.99,€
3363,2023-05-12 18:26:22,mercearia, Café Solúvel Clássico Nescafé ,0.1,KG,3.56,35.6,€
3364,2023-05-12 18:26:22,mercearia, Cajus no Forno Matutano ,0.17,KG,3.24,19.06,€
3365,2023-05-12 18:26:22,mercearia, Cevada Chicória e Café Solúvel Delta ,0.2,KG,2.44,12.2,€
3366,2023-05-12 18:26:22,mercearia, Creme de Barrar de Chocolate Milka ,0.34,KG,2.69,7.91,€
3367,2023-05-12 18:26:22,mercearia, Salsichas de Porco Frankfurt Izidoro - 12 un ,12.0,UN,1.47,0.12,€
3368,2023-05-12 18:26:22,mercearia, Cereais Cini Mini Churros Nestlé ,0.36,KG,2.69,7.47,€
3369,2023-05-12 18:26:22,mercearia, Bolacha Recheada com Laranja Pim's Triunfo ,0.15,KG,1.69,11.27,€
3370,2023-05-12 18:26:22,mercearia, Salsichas Frankfurt Izidoro - 8 un ,8.0,UN,1.39,0.17,€
3371,2023-05-12 18:26:22,mercearia, Salsichas Vegan Izidoro - 8 un ,8.0,UN,2.24,0.28,€
3372,2023-05-12 18:26:22,mercearia, Descafeinado Cápsulas Nespresso Boundi ,10.0,UN,2.99,5.44,€
3373,2023-05-12 18:26:22,mercearia, Pimenta Cayenne Moída Margão ,0.035,KG,1.34,38.29,€
3374,2023-05-12 18:26:22,mercearia, Pimenta Rosa Grão Margão ,0.02,KG,2.28,114.01,€
3376,2023-05-12 18:26:22,mercearia, Alho Moído Margão ,0.04,KG,1.09,27.25,€
3377,2023-05-12 18:26:22,mercearia, Cereais Mini Nestlé Cini ,0.375,KG,2.69,7.17,€
3378,2023-05-12 18:26:22,mercearia, Pimenta Preta em Grão Margão ,0.035,KG,1.34,38.29,€
3379,2023-05-12 18:26:22,mercearia, Alho Picado Margão ,0.04,KG,1.26,31.5,€
3380,2023-05-12 18:26:22,mercearia, Bolachas Digestivas Zero Gullon ,0.4,KG,2.09,5.23,€
3381,2023-05-12 18:26:22,mercearia, Bolachas Dorada no Forno Zero Gullon ,0.33,KG,2.19,6.64,€
3382,2023-05-12 18:26:22,mercearia, Bolachas Wafer de Baunilha Zero Gullon ,0.18,KG,1.59,8.83,€
3383,2023-05-12 18:26:22,mercearia, Pimenta Branca Moída Margão ,0.017,KG,1.11,65.3,€
3384,2023-05-12 18:26:22,mercearia, Pimenta Branca Moída Margão ,0.035,KG,1.34,38.29,€
3385,2023-05-12 18:26:22,mercearia, Pimenta Preta Moída Margão ,0.035,KG,1.34,38.29,€
3386,2023-05-12 18:26:22,mercearia, Bolachas Digestivas de Chocolate Zero Gullon ,0.27,KG,2.09,7.74,€
3387,2023-05-12 18:26:22,mercearia, Bolachas Crocantes de Aveia Zero Gullon ,0.28,KG,1.84,6.57,€
3388,2023-05-12 18:26:22,mercearia, Bolacha Recheada com Framboesa Pim's Triunfo ,0.15,KG,1.69,11.27,€
3389,2023-05-12 18:26:22,mercearia, Bolachas Maria Zero Gullon ,0.4,KG,2.04,5.1,€
3390,2023-05-12 18:26:22,mercearia, Bolachas Recheadas com Creme Twins Zero Gullon - 5 un ,0.21,KG,2.09,9.95,€
3391,2023-05-12 18:26:22,mercearia, Barras de Cereais de Mel Nestlé Estrelitas ,0.132,KG,1.99,15.07,€
3392,2023-05-12 18:26:22,mercearia, Bagels Brioche Bimbo - 4 un ,4.0,UN,2.19,7.3,€
3393,2023-05-12 18:26:22,mercearia, Salsicha de Porco Forno a Lenha Izidoro - 5 un ,0.22,KG,2.84,12.91,€
3394,2023-05-12 18:26:22,mercearia, Café Cápsulas Latte Macchiato Dolce Gusto ,16.0,UN,5.19,0.32,€
3395,2023-05-12 18:26:22,mercearia, Bolachas com Recheio Donuts ,0.133,KG,1.59,11.95,€
3396,2023-05-12 18:26:22,mercearia, Travesseiros de Chocolate com Creme Bimbo - 3 un ,3.0,UN,1.59,0.53,€
3397,2023-05-12 18:26:22,mercearia, Chocolate de Leite Kitkat ,186.29999999999998,KG,2.59,13.92,€
3398,2023-05-12 18:26:22,mercearia, Farinha de Tapioca Express Tipiak ,0.25,KG,1.54,6.16,€
3399,2023-05-12 18:26:22,mercearia, Pimenta Preta Moída Margão ,0.017,KG,0.89,52.35,€
3402,2023-05-12 18:26:22,mercearia, Batatas Fritas Clássicas Mediterrâneas Lay's ,0.15,KG,1.29,8.6,€
3403,2023-05-12 18:26:22,mercearia, Biscoito Chocolate Bom dia Dancake ,0.5,KG,1.84,3.68,€
3404,2023-05-12 18:26:22,mercearia, Biscoito Canela Bom Dia Dancake ,0.5,KG,1.99,3.98,€
3405,2023-05-12 18:26:22,mercearia, Snack Bolo de Chocolate Donettes - 6 un ,6.0,UN,1.44,0.24,€
3406,2023-05-12 18:26:22,mercearia, Bolachas Digestivas Integrais McVitie's ,0.4,KG,2.09,5.23,€
3407,2023-05-12 18:26:22,mercearia, Bolachas com Recheio de Chocolate Prince ,0.3,KG,1.64,5.47,€
3408,2023-05-12 18:26:22,mercearia, Bolachas Recheadas Mini Prince - 4 un ,0.16,KG,1.69,10.56,€
3409,2023-05-12 18:26:22,mercearia, Pimentos Cortados em Vinagre de Vinho Ferbar ,0.32,KG,1.56,4.87,€
3410,2023-05-12 18:26:22,mercearia, Croissants de Chocolate Deli ,0.32,KG,1.49,4.66,€
3411,2023-05-12 18:26:22,mercearia, Bolachas Belgas Original Saborosa - 6 un ,0.21960000000000002,KG,1.59,7.23,€
3412,2023-05-12 18:26:22,mercearia, Bolachas Belgas com Cobertura de Chocolate Saborosa - 6 un ,0.198,KG,1.64,8.28,€
3413,2023-05-12 18:26:22,mercearia, Tablete Chocolate Negro Flor de Sal Cemoi ,0.1,KG,1.49,14.9,€
3414,2023-05-12 18:26:22,mercearia, Tablete de Chocolate Negro 82% Cémoi ,0.1,KG,1.49,14.9,€
3415,2023-05-12 18:26:22,mercearia, Tablete de Chocolate Negro 72% Cémoi ,0.1,KG,1.49,14.9,€
3416,2023-05-12 18:26:22,mercearia, Tablete Chocolate Negro 90% Cemoi ,0.08,KG,1.49,18.62,€
3417,2023-05-12 18:26:22,mercearia, Croissants Mini de Cacau Chipicao ,0.199,KG,1.85,9.3,€
3418,2023-05-12 18:26:22,mercearia, Tablete de Chocolate Negro e Avelãs Inteiras Côte D'Or ,0.18,KG,2.44,13.56,€
3419,2023-05-12 18:26:22,mercearia, Tablete de Chocolate Negro com Amêndoas Cote D'Or ,0.18,KG,2.44,13.56,€
3420,2023-05-12 18:26:22,mercearia, Molho para Moelas Dom Duarte ,0.5,KG,1.94,3.88,€
3421,2023-05-12 18:26:22,mercearia, Açúcar em Pó Baunilhado Vahiné ,0.0375,KG,2.29,61.07,€
3422,2023-05-12 18:26:22,mercearia, Cereais Cookie'z Nacional ,0.5,KG,2.49,4.98,€
3423,2023-05-12 18:26:22,mercearia, Amêndoas no Forno Matutano ,0.083,KG,2.39,28.8,€
3424,2023-05-12 18:26:22,mercearia, Caju Tostado no Forno Matutano ,0.09,KG,2.39,26.56,€
3425,2023-05-12 18:26:22,mercearia, Bolo Snack Bimbo Little Bites - 4 un ,0.188,KG,2.19,11.65,€
3426,2023-05-12 18:26:22,mercearia, Bolos Snack Little Bites Chocolate Bimbo - 4 un ,16.0,UN,2.19,0.14,€
3427,2023-05-12 18:26:22,mercearia, Bolo Snack Mini Muffins de Cenoura e Laranja Little Bites Bimbo  - 4 un ,64.0,UN,2.19,0.03,€
3428,2023-05-12 18:26:22,mercearia, Ketchup Top Down Heinz ,0.46,KG,3.04,6.61,€
3429,2023-05-12 18:26:22,mercearia, Molho de Francesinha Light Dom Duarte ,0.5,KG,1.93,3.86,€
3430,2023-05-12 18:26:22,mercearia, Molho Francesinha Dom Duarte ,0.5,KG,1.84,3.68,€
3431,2023-05-12 18:26:22,mercearia, Bolachas Soft Bakes com Cereais Belvita - 5 un ,0.25,KG,2.49,9.96,€
3432,2023-05-12 18:26:22,mercearia, Bolachas Softbakes Recheio de Morango Belvita - 5 un ,0.25,KG,2.49,9.96,€
3433,2023-05-12 18:26:22,mercearia, Maionese Cebola e Alho Top Down Heinz ,0.4,L,2.89,7.22,€
3434,2023-05-12 18:26:22,mercearia, Ketchup Hot Top Down Heinz ,0.46,L,3.04,6.61,€
3504,2023-05-12 18:26:22,mercearia, Bolachas My Cookie com Pepitas de Chocolate Nacional ,0.15,KG,1.19,7.93,€
3505,2023-05-12 18:26:22,mercearia, Bolachas Matinais de Aveia Pingo Doce - 6 un ,0.3,KG,1.89,6.3,€
3506,2023-05-12 18:26:22,mercearia, Fermento de Padeiro Vahiné ,0.018,KG,1.34,74.44,€
3507,2023-05-12 18:26:22,mercearia, Vinagre Sidra Cristal ,0.5,L,0.99,1.98,€
3508,2023-05-12 18:26:22,mercearia, Vinagre de Vinho Branco Cristal ,0.5,L,0.99,1.98,€
3509,2023-05-12 18:26:22,mercearia, Maionese com Flor de Sal Vatel Top Down Vianeza ,0.25,L,1.59,6.36,€
3510,2023-05-12 18:26:22,mercearia, Maionese Receita Económica Top Down Vianeza ,0.43,L,1.74,4.05,€
3511,2023-05-12 18:26:22,mercearia, Bolachas Tosta Rica Oceanix Cuétara ,0.16,KG,1.54,9.62,€
3525,2023-05-12 18:26:22,mercearia, Bolachas de Chocolate My Cookie Nacional ,0.15,KG,1.19,7.93,€
3526,2023-05-12 18:26:22,mercearia, Bolachas Matinais Leite e Cereais Pingo Doce - 6 un ,0.3,KG,1.89,6.3,€
3527,2023-05-12 18:26:22,mercearia, Farinha Super Fina Branca de Neve ,1.0,KG,1.79,1.79,€
3537,2023-05-12 18:26:22,mercearia, Chocolate Negro 70% Kitkat ,0.1245,KG,2.39,19.12,€
3538,2023-05-12 18:26:22,mercearia, Bolacha Maria Júnior Vieira de Castro - 12 un ,0.276,KG,2.49,9.02,€
3539,2023-05-12 18:26:22,mercearia, Rebuçados Mel e Limão Halls ,0.128,KG,1.49,11.64,€
3540,2023-05-12 18:26:22,mercearia, Mistura Solúvel de Cereais e Fibra Bolero ,0.2,KG,2.58,12.9,€
3541,2023-05-12 18:26:22,mercearia, Rebuçados Eucalipto sem Açúcar Halls ,0.128,KG,1.49,11.64,€
3542,2023-05-12 18:26:22,mercearia, Bolachas com Cobertura de Chocolate de Leite Oreo - 6 un ,0.246,KG,2.39,9.72,€
3543,2023-05-12 18:26:22,mercearia, Bolachas com Chocolate Branco Oreo - 6 un ,0.246,KG,2.39,9.72,€
3544,2023-05-12 18:26:22,mercearia, Cereais de Chocolate Nestlé Chocapic ,0.375,KG,2.44,6.51,€
3545,2023-05-12 18:26:22,mercearia, Barras de Cereais de Chocolate com Leite Nestlé Chocapic ,0.15,KG,1.99,13.27,€
3546,2023-05-12 18:26:22,mercearia, Barras de Cereais de Chocolate e Caramelo Nestlé Lion ,0.15,KG,1.99,13.27,€
3547,2023-05-12 18:26:22,mercearia, Barras de Cereais de Trigo Integral com Leite Nestlé Golden Grahams ,0.15,KG,1.99,13.27,€
3548,2023-05-12 18:26:22,mercearia, Barras de Cereais de Chocolate com Leite Nestlé Nesquik ,0.15,KG,1.99,13.27,€
3549,2023-05-12 18:26:22,mercearia, Bolachas Digestivas  e Chocolate de Leite Oat Crunch McVitie's ,0.2,KG,2.49,12.45,€
3550,2023-05-12 18:26:22,mercearia, Panquecas Planetus Manhãzitos - 6 un ,0.21,KG,2.18,10.38,€
3551,2023-05-12 18:26:22,mercearia, Molho para Churrasco Dom Duarte ,0.5,KG,1.74,3.48,€
3552,2023-05-12 18:26:22,mercearia, Molho de Francesinha Picante Dom Duarte ,0.5,KG,1.74,3.48,€
3553,2023-05-12 18:26:22,mercearia, Salsichas de Aves Teor de Sal Reduzido Izidoro - 5 un ,0.22,KG,2.39,10.86,€
3554,2023-05-12 18:26:22,mercearia, Molho para Bifanas Dom Duarte ,0.5,KG,1.79,3.58,€
3555,2023-05-12 18:26:22,mercearia, Rebuçados Vita C Morango Halls ,0.128,KG,1.49,11.64,€
3556,2023-05-12 18:26:22,mercearia, Rebuçados Extra Strong Halls ,0.128,KG,1.49,11.64,€
3557,2023-05-12 18:26:22,mercearia, Salsichas de Porco Hot Dog Izidoro - 4 un ,0.26,KG,2.46,9.46,€
3558,2023-05-12 18:26:22,mercearia, Pimenta Preta Moída Brasil Margão ,0.032,KG,2.39,74.69,€
3559,2023-05-12 18:26:22,mercearia, Salsichas de Aves Hot Dog Izidoro - 4 un ,0.43,KG,2.39,5.56,€
3560,2023-05-12 18:26:22,mercearia, Salsichas de Aves Izidoro - 5 un ,0.245,KG,2.39,9.76,€
3561,2023-05-12 18:26:22,mercearia, Salsichas 100% Peru Izidoro - 5 un ,5.0,UN,2.19,0.44,€
3563,2023-05-12 18:26:22,mercearia, Adoçante com Stevia em Doseador Canderel ,120.0,UN,2.24,0.02,€
3566,2023-05-12 18:26:22,mercearia, Puré de Fruta Maçã Blédina ,0.38,KG,2.29,6.03,€
3567,2023-05-12 18:26:22,mercearia, Puré de Fruta Maçã e Pêra Blédina ,0.38,KG,2.29,6.03,€
3568,2023-05-12 18:26:22,mercearia, Puré de Fruta Maçã Laranja e Banana Blédina ,0.38,KG,2.29,6.03,€
3569,2023-05-12 18:26:22,mercearia, Puré de Fruta Maçã e Banana Blédina ,0.38,KG,2.29,6.03,€
3570,2023-05-12 18:26:22,mercearia, Puré de Fruta Maçã Kiwi Ananás Blédina ,0.38,KG,2.29,6.03,€
3571,2023-05-12 18:26:22,mercearia, Puré de Fruta Maçã Manga e Maracujá Blédina ,0.38,KG,2.29,6.03,€
3572,2023-05-12 18:26:22,mercearia, Puré de Fruta Pêra Blédina ,0.38,KG,2.29,6.03,€
3573,2023-05-12 18:26:22,mercearia, Tablete de Chocolate Negro 85% Cacau Dark Nestlé ,0.12,KG,2.24,18.67,€
3574,2023-05-12 18:26:22,mercearia, Batatas Pizza Pringles ,0.175,KG,2.24,12.8,€
3575,2023-05-12 18:26:22,mercearia, Batatas Paprika Pringles ,0.175,KG,2.24,12.8,€
3576,2023-05-12 18:26:22,mercearia, Batatas Originais Pringles ,0.175,KG,2.24,12.8,€
3577,2023-05-12 18:26:22,mercearia, Batatas Natas e Cebola Pringles ,0.175,KG,2.24,12.8,€
3578,2023-05-12 18:26:22,mercearia, Salsichas Bockwurst Izidoro - 5 un ,0.4,KG,2.39,5.98,€
3601,2023-05-12 18:26:22,mercearia, Batatas Fritas Gourmet Corte Fino Lay's ,0.15,KG,2.69,17.93,€
3602,2023-05-12 18:26:22,mercearia, Bolo Snack Clássico Donuts - 4 un ,4.0,UN,2.99,0.75,€
3603,2023-05-12 18:26:22,mercearia, Batatas Fritas Onduladas Presunto Ruffles ,0.15,KG,1.99,13.27,€
3609,2023-05-12 18:26:22,mercearia, Snack Fantasmas Cheetos ,0.075,KG,1.99,26.53,€
3638,2023-05-12 18:26:22,mercearia, Snack de Leite Bollycao - 4 un ,5.0,UN,2.18,0.55,€
3639,2023-05-12 14:10:06,mercearia, Kiwi Green Zespri - Embalagem 0.4 Kg ,0.4,KG,2.99,7.48,€
3640,2023-05-12 14:10:06,frutas_legumes, Kiwi Biológico Pingo Doce - Embalagem 0.5 Kg ,0.5,KG,2.99,5.98,€
3641,2023-05-12 14:10:06,frutas_legumes, Feijão Verde Pingo Doce - Embalagem ,0.5,KG,2.49,4.98,€
3642,2023-05-12 14:10:06,frutas_legumes, Feijão Filet - Embalagem 0.25 Kg ,0.25,KG,2.29,9.16,€
3643,2023-05-12 14:10:06,frutas_legumes, Nabiças Molho Pingo Doce- Embalagem 0.5 Kg ,0.5,KG,1.99,3.98,€
3644,2023-05-12 14:10:06,frutas_legumes, Feijão Verde Bio - Embalagem 0.3 Kg ,0.3,KG,3.69,12.3,€
3645,2023-05-12 14:10:06,frutas_legumes, Beringela Bio Pingo Doce - Embalagem 0.3 Kg ,0.3,KG,1.79,5.97,€
3646,2023-05-12 14:10:06,frutas_legumes, Salada Fresca Pingo Doce ,0.15,KG,1.49,9.93,€
3647,2023-05-12 14:10:06,frutas_legumes, Salada Familiar Vitacress ,0.3,KG,2.59,8.63,€
3648,2023-05-12 14:10:06,frutas_legumes, Beterraba Cozida Bio - Unidade 0.5 Kg ,0.5,KG,1.99,3.98,€
3649,2023-05-12 14:10:06,frutas_legumes, Laranja Bio Pingo Doce - Embalagem 0.5 Kg ,0.5,KG,2.16,4.32,€
3650,2023-05-12 14:10:06,frutas_legumes, Grelos de Couve Molho Pingo Doce - Embalagem 0.7 Kg ,0.7,KG,2.16,3.09,€
3651,2023-05-12 14:10:06,frutas_legumes, Grelos de Nabo ao Molho - Embalagem 0.7 Kg ,0.7,KG,2.16,3.09,€
3652,2023-05-12 14:10:06,frutas_legumes, Espinafres Molho Pingo Doce - Embalagem 0.5 Kg ,0.5,KG,2.25,4.5,€
3653,2023-05-12 14:10:06,frutas_legumes, Ervilha Torta - Embalagem 0.25 Kg ,0.25,KG,2.82,11.28,€
3654,2023-05-12 14:10:06,frutas_legumes, Cenoura Biológico Pingo Doce - Embalagem 0.5 Kg ,0.5,KG,1.12,2.24,€
3655,2023-05-12 14:10:06,frutas_legumes, Alho Francês Pingo Doce - Embalagem 0.4 Kg ,0.4,KG,1.87,4.68,€
3656,2023-05-12 14:10:06,frutas_legumes, Grelos de Nabo Pingo Doce - Embalagem 0.2 Kg ,0.2,KG,1.87,9.35,€
3657,2023-05-12 14:10:06,frutas_legumes, Maçã Gala das Serras - Embalagem 0.8 Kg ,0.8,KG,1.68,2.1,€
3658,2023-05-12 14:10:06,frutas_legumes, Pimento Tricolor - Embalagem 0.5 Kg ,0.5,KG,2.69,5.38,€
3659,2023-05-12 14:10:06,frutas_legumes, Salada Premium Pingo Doce - Embalagem 0.2 Kg ,0.2,KG,1.12,5.6,€
3660,2023-05-12 14:10:06,frutas_legumes, Espinafre Pingo Doce - Embalagem 0.2 Kg ,0.2,KG,1.5,7.5,€
3661,2023-05-12 14:10:06,frutas_legumes, Batata Conservação Branca Mini Vitacress ,0.5,KG,1.87,3.74,€
3662,2023-05-12 14:10:06,frutas_legumes, Alface Iceberg - Embalagem 0.4 Kg ,0.4,KG,1.02,2.55,€
3663,2023-05-12 14:10:06,frutas_legumes, Chalota Roxa - Embalagem 0.5 Kg ,0.5,KG,2.16,4.32,€
3664,2023-05-12 14:10:06,frutas_legumes, Batata de Conservação Bio Pingo Doce ,0.5,KG,1.12,2.24,€
3665,2023-05-12 14:10:06,frutas_legumes, Tomate Cherry Biológico Pingo Doce - Embalagem 0.25 Kg ,0.25,KG,1.87,7.48,€
3666,2023-05-12 14:10:06,frutas_legumes, Maçã Gala Biológico Pingo Doce - Embalagem 0.6 Kg ,0.6,KG,1.87,3.12,€
3667,2023-05-12 14:10:06,frutas_legumes, Cebola Roxa - Embalagem 0.5 Kg ,0.5,KG,1.68,3.36,€
3668,2023-05-12 14:10:06,frutas_legumes, Laranja - Embalagem 3 Kg ,3.0,KG,3.48,1.16,€
3669,2023-05-12 14:10:06,frutas_legumes, Pronto a Saltear Tradicional Campotec ,0.4,KG,1.4,3.5,€
3670,2023-05-12 14:10:06,frutas_legumes, Grelos de Couve Pingo Doce - Embalagem 0.2 Kg ,0.2,KG,1.87,9.35,€
3671,2023-05-12 14:10:06,frutas_legumes, Manjericão Embalado ,0.025,KG,1.69,67.6,€
3672,2023-05-12 14:10:06,frutas_legumes, Rabanete - Embalagem 0.125 Kg ,0.125,KG,1.19,9.52,€
3673,2023-05-12 14:10:06,frutas_legumes, Abacate Rede - Embalagem 0.7 Kg ,0.7,KG,3.09,4.41,€
3674,2023-05-12 14:10:06,frutas_legumes, Cogumelos Pleurothus Pingo Doce - Embalagem 0.2 Kg ,0.2,KG,1.89,9.45,€
3675,2023-05-12 14:10:06,frutas_legumes, Abacate Hass - Embalagem 0.3 Kg ,0.3,KG,1.99,6.63,€
3676,2023-05-12 14:10:06,frutas_legumes, Pepino Doce - Embalagem 0.20 Kg ,0.2,KG,1.19,5.95,€
3677,2023-05-12 14:10:06,frutas_legumes, Salada Ibérica Vitacress ,0.1,KG,1.59,15.9,€
3678,2023-05-12 14:10:06,frutas_legumes, Rúcula Selvagem Vitacress ,0.1,KG,1.59,15.9,€
3679,2023-05-12 14:10:06,frutas_legumes, Maçã Golden Cal. 70/75 - Unidade 0.18 Kg ,0.18,KG,1.68,1.68,€
3680,2023-05-12 14:10:06,frutas_legumes, Laranja Cal. 3/4/5 - Unidade 0.26 Kg ,0.26,KG,1.21,1.21,€
3681,2023-05-12 14:10:06,frutas_legumes, Maçã Granny Smith - Unidade 0.2 Kg ,0.2,KG,2.06,2.06,€
3682,2023-05-12 14:10:06,frutas_legumes, Tomate Redondo - Unidade 0.2 Kg ,0.2,KG,2.16,2.16,€
3683,2023-05-12 14:10:06,frutas_legumes, Banana da Madeira - Embalagem 0.75 Kg ,0.75,KG,2.82,2.82,€
3684,2023-05-12 14:10:06,frutas_legumes, Maçã Golden Val Venosta - Unidade 0.21 Kg ,0.21,KG,2.16,2.16,€
3685,2023-05-12 14:10:06,frutas_legumes, Tomilho Embalado Pingo Doce ,0.02,KG,1.69,84.5,€
3686,2023-05-12 14:10:06,frutas_legumes, Agrião Pingo Doce - Embalagem 0.2 Kg ,0.2,KG,1.59,7.95,€
3687,2023-05-12 14:10:06,frutas_legumes, Hortelã Pingo Doce ,0.04,KG,0.99,24.75,€
3688,2023-05-12 14:10:06,frutas_legumes, Salsa Aromáticas Vivas ,0.04,KG,0.99,24.75,€
3689,2023-05-12 14:10:06,frutas_legumes, Coentros Pingo Doce ,0.04,KG,0.99,24.75,€
3690,2023-05-12 14:10:06,frutas_legumes, Quiabos - Embalagem 0.2 Kg ,0.2,KG,3.49,17.45,€
3691,2023-05-12 14:10:06,frutas_legumes, Nabiça Pingo Doce - Embalagem 0.2 Kg ,0.2,KG,1.59,7.95,€
3692,2023-05-12 14:10:06,frutas_legumes, Mix de Cogumelos Exóticos - Embalagem 0.2 Kg ,0.2,KG,3.29,16.45,€
3693,2023-05-12 14:10:06,frutas_legumes, Alho Seco Pingo Doce - Embalagem 0.25 Kg ,0.25,KG,1.49,5.96,€
3694,2023-05-12 14:10:06,frutas_legumes, Mix de Cogumelos Castanhos - Embalagem 0.2 Kg ,0.2,KG,3.29,16.45,€
3695,2023-05-12 14:10:06,frutas_legumes, Mix de Frutos do Bosque Beirabaga - Embalagem 0.17 Kg ,0.17,KG,3.79,22.29,€
3696,2023-05-12 14:10:06,frutas_legumes, Limão Bio Pingo Doce - Embalagem 0.5Kg ,0.5,KG,1.69,3.38,€
3697,2023-05-12 14:10:06,frutas_legumes, Abacaxi Honeyglow Delmonte - Unidade 2.05 Kg ,2.05,KG,1.99,1.99,€
3699,2023-05-12 14:10:06,frutas_legumes, Salada Mista Familiar ,0.3,KG,2.59,8.63,€
3700,2023-05-12 14:10:06,frutas_legumes, Alho Seco Descascado Inteiro Darlic ,0.13,KG,1.49,11.46,€
3701,2023-05-12 14:10:06,frutas_legumes, Milho Cozido Inteiro - Embalagem 0.45 Kg ,0.45,KG,1.99,4.42,€
3702,2023-05-12 14:10:06,frutas_legumes, Kiwi Bio Zespri - Embalagem 0.5 Kg ,0.5,KG,3.49,6.98,€
3703,2023-05-12 14:10:06,frutas_legumes, Beterraba Cozida Inteira - Embalagem 0.5 Kg ,0.5,KG,1.59,3.18,€
3704,2023-05-12 14:10:06,frutas_legumes, Preparado de Sopa Portuguesa - Embalagem 0.4 Kg ,0.4,KG,1.45,3.62,€
3705,2023-05-12 14:10:06,frutas_legumes, Preparado de Sopa Juliana - Embalagem 0.4 Kg ,0.4,KG,1.45,3.62,€
3706,2023-05-12 14:10:06,frutas_legumes, Hortelã Pingo Doce - Embalagem 0.05 Kg ,0.05,KG,0.99,19.8,€
3707,2023-05-12 14:10:06,frutas_legumes, Tomate Mini Alongado Pingo Doce - Embalagem 0.35 Kg ,0.35,KG,2.16,6.17,€
3708,2023-05-12 14:10:06,frutas_legumes, Tomate Cherry Alongado Pingo Doce - Embalagem 0.5 Kg ,0.5,KG,2.21,4.42,€
3709,2023-05-12 14:10:06,frutas_legumes, Pêra Rocha do Oeste DOP - Embalagem 1.5 Kg ,1.5,KG,2.25,1.5,€
3710,2023-05-12 14:10:06,frutas_legumes, Batata de Conservação para Assar Premium - Embalagem 1 Kg ,1.0,KG,1.68,1.68,€
3711,2023-05-12 14:10:06,frutas_legumes, Batata de Conservação para Assar Pingo Doce - Embalagem 1 Kg ,1.0,KG,1.21,1.21,€
3712,2023-05-12 14:10:06,frutas_legumes, Maçã Kids - Embalagem 1 Kg ,1.0,KG,1.47,1.47,€
3713,2023-05-12 14:10:06,frutas_legumes, Tomate Redondo Bio - Embalagem 0.5 Kg ,0.5,KG,2.34,4.68,€
3714,2023-05-12 14:10:06,frutas_legumes, Tomate de Rama Bio Pingo Doce - Embalagem 0.5 Kg ,0.5,KG,2.82,5.64,€
3715,2023-05-12 14:10:06,frutas_legumes, Curgete Bio Pingo Doce - Embalagem 0.5 Kg ,0.5,KG,1.79,3.58,€
3716,2023-05-12 14:10:06,frutas_legumes, Batata Doce Bio Pingo Doce - Embalagem 0.5 Kg ,0.5,KG,1.4,2.8,€
3717,2023-05-12 14:10:06,frutas_legumes, Espinafre Bio Molho - Embalagem 0.3 Kg ,0.3,KG,1.59,5.3,€
3718,2023-05-12 14:10:06,frutas_legumes, Floretes de Brócolos - Embalagem 0.3 Kg ,0.3,KG,1.5,5.0,€
3719,2023-05-12 14:10:06,frutas_legumes, Alface Lisa Pingo Doce - Embalagem 0.15 Kg ,0.15,KG,1.4,9.33,€
3720,2023-05-12 14:10:06,frutas_legumes, Alface Roxa Embalada - Embalagem 0.15 Kg ,0.15,KG,1.4,9.33,€
3721,2023-05-12 14:10:06,frutas_legumes, Alho Francês Pedaços - Embalagem 0.4 Kg ,0.4,KG,1.5,3.75,€
3722,2023-05-12 14:10:06,frutas_legumes, Curgete Spaghetti Pingo Doce - Embalagem 0.3 Kg ,0.3,KG,1.87,6.23,€
3723,2023-05-12 14:10:06,frutas_legumes, Tomate Monterosa - Unidade 0.2 Kg ,0.2,KG,3.76,3.76,€
3724,2023-05-12 14:10:06,frutas_legumes, Cebolinha - Embalagem 0.5 Kg ,0.5,KG,1.21,2.42,€
3725,2023-05-12 14:10:06,frutas_legumes, Cebola Doce - Embalagem 1 Kg ,1.0,KG,2.82,2.82,€
3726,2023-05-12 14:10:06,frutas_legumes, Cebola Roxa Bacefrut - Embalagem 1 Kg ,1.0,KG,2.16,2.16,€
3727,2023-05-12 14:10:06,frutas_legumes, Cenoura Ripada - Embalagem 0.2 Kg ,0.2,KG,0.74,3.7,€
3728,2023-05-12 14:10:06,frutas_legumes, Mix de Floretes - Embalagem 0.3 Kg ,0.3,KG,1.5,5.0,€
3729,2023-05-12 14:10:06,frutas_legumes, Legumes para Saltear Primavera - Embalagem 0.25 Kg ,0.25,KG,1.4,5.6,€
3730,2023-05-12 14:10:06,frutas_legumes, Batata de Conservação para Cozer Premium - Embalagem 3 Kg ,3.0,KG,3.76,1.25,€
3731,2023-05-12 14:10:06,frutas_legumes, Alho Francês Bio - Embalagem 0.4 Kg ,0.4,KG,2.06,5.15,€
3732,2023-05-12 14:10:06,frutas_legumes, Maçã Golden das Serras - Embalagem 1.5 Kg ,1.5,KG,1.87,1.25,€
3733,2023-05-12 14:10:06,frutas_legumes, Tomate Mix Cherry Pingo Doce - Embalagem 0.35 Kg ,0.35,KG,1.87,5.34,€
3734,2023-05-12 14:10:06,frutas_legumes, Tomate Cherry Pingo Doce - Embalagem 0.35 Kg ,0.35,KG,1.59,4.54,€
3735,2023-05-12 14:10:06,frutas_legumes, Tomate Cherry Rama Extra Pingo Doce - Embalagem 0.35 Kg ,0.35,KG,2.16,6.17,€
3736,2023-05-12 14:10:06,frutas_legumes, Batata Doce Vitacress ,0.5,KG,1.5,3.0,€
3737,2023-05-12 14:10:06,frutas_legumes, Couve Branca - Unidade 1.2 Kg ,1.2,KG,1.49,1.49,€
3738,2023-05-12 14:10:06,frutas_legumes, Chuchu - Unidade 0.38 Kg ,0.38,KG,2.79,2.79,€
3739,2023-05-12 14:10:06,frutas_legumes, Maracujá Roxo - Unidade 0.07 Kg ,0.07,KG,7.99,7.99,€
3740,2023-05-12 14:10:06,frutas_legumes, Salsa Pingo Doce ,0.05,KG,0.99,19.8,€
3741,2023-05-12 14:10:06,frutas_legumes, Coentros em Folha Pingo Doce ,0.05,KG,0.99,19.8,€
3742,2023-05-12 14:10:06,frutas_legumes, Preparado de Sopa de Agrião Pingo Doce - Embalagem 0.5 Kg ,0.5,KG,1.99,3.98,€
3743,2023-05-12 14:10:06,frutas_legumes, Preparado de Sopa de Nabiça Pingo Doce - Embalagem 0.5 Kg ,0.5,KG,1.99,3.98,€
3745,2023-05-12 14:10:06,frutas_legumes, Mini Pimento Doce Tricolor - Embalagem 0.2 Kg ,0.2,KG,1.59,7.95,€
3746,2023-05-12 14:10:06,frutas_legumes, Pimento Padrão - Embalagem 0.25 Kg ,0.25,KG,1.99,7.96,€
3747,2023-05-12 14:10:06,frutas_legumes, Pepino - Unidade 0.26 Kg ,0.26,KG,1.99,1.99,€
3748,2023-05-12 14:10:06,frutas_legumes, Feijão Verde - Unidade 0.25 Kg ,0.25,KG,3.99,3.99,€
3749,2023-05-12 14:10:06,frutas_legumes, Pimento Amarelo - Unidade 0.26 Kg ,0.26,KG,4.99,4.99,€
3750,2023-05-12 14:10:06,frutas_legumes, Pimento Verde - Unidade 0.32 Kg ,0.32,KG,2.99,2.99,€
3751,2023-05-12 14:10:06,frutas_legumes, Pimento Vermelho - Unidade 0.35 Kg ,0.35,KG,3.29,3.29,€
3752,2023-05-12 14:10:06,frutas_legumes, Framboesas - Embalagem 0.125 Kg ,0.125,KG,2.49,19.92,€
3753,2023-05-12 14:10:06,frutas_legumes, Limão Cal. 3/4  - Unidade 0.165 Kg ,0.17,KG,2.29,2.29,€
3754,2023-05-12 14:10:06,frutas_legumes, Pimento Laranja - Unidade 0.27 Kg ,0.27,KG,4.99,4.99,€
3755,2023-05-12 14:10:06,frutas_legumes, Beterraba - Unidade 0.27 Kg ,0.27,KG,1.69,1.69,€
3756,2023-05-12 14:10:06,frutas_legumes, Limas - Unidade 0.08 Kg ,0.08,KG,3.49,3.49,€
3757,2023-05-12 14:10:06,frutas_legumes, Couve Coração de Boi Bio Pingo Doce - Embalagem 0.5 Kg ,0.5,KG,2.49,4.98,€
3758,2023-05-12 14:10:06,frutas_legumes, Batata Conservação para Cozer / Assar Pingo Doce - Embalagem 3 Kg ,3.0,KG,3.38,1.13,€
3759,2023-05-12 14:10:06,frutas_legumes, Batata Conservação para Fritar / Puré Pingo Doce - Embalagem 3 Kg ,3.0,KG,3.38,1.13,€
3760,2023-05-12 14:10:06,frutas_legumes, Maçã Fuji  - Unidade 0.18 Kg ,0.18,KG,2.06,2.06,€
3761,2023-05-12 14:10:06,frutas_legumes, Couve Portuguesa - Unidade 0.735 Kg ,0.74,KG,1.4,1.4,€
3762,2023-05-12 14:10:06,frutas_legumes, Maçã Pink Lady - Unidade 0.21 Kg ,0.21,KG,2.82,2.82,€
3763,2023-05-12 14:10:06,frutas_legumes, Couve-Flor - Unidade 1.25 Kg ,1.25,KG,1.87,1.87,€
3764,2023-05-12 14:10:06,frutas_legumes, Brócolos - Unidade 0.42 Kg ,0.42,KG,1.87,1.87,€
3765,2023-05-12 14:10:06,frutas_legumes, Tomate Coração de Boi - Unidade 0.27 Kg ,0.27,KG,2.82,2.82,€
3766,2023-05-12 14:10:06,frutas_legumes, Batata-Doce Baby - Embalagem 0.5 Kg ,0.5,KG,1.12,2.24,€
3767,2023-05-12 14:10:06,frutas_legumes, Preparado de Sopa de Espinafre Pingo Doce - Embalagem 0.5 Kg ,0.5,KG,1.87,3.74,€
3768,2023-05-12 14:10:06,frutas_legumes, Cenoura - Unidade 0.14 Kg ,0.14,KG,1.21,1.21,€
3769,2023-05-12 14:10:06,frutas_legumes, Espinafre Vitacress ,0.3,KG,2.34,7.8,€
3770,2023-05-12 14:10:06,frutas_legumes, Alface Frisada Pingo Doce ,0.125,KG,1.02,8.16,€
3771,2023-05-12 14:10:06,frutas_legumes, Salada Riva Vitacress ,0.1,KG,1.5,15.0,€
3772,2023-05-12 14:10:06,frutas_legumes, Laranja do Algarve IGP - Embalagem - 1.5 Kg ,1.5,KG,2.06,1.37,€
3773,2023-05-12 14:10:06,frutas_legumes, Menta Vaso ,0.2,KG,1.69,8.45,€
3774,2023-05-12 14:10:06,frutas_legumes, Manjericão em Vaso ,0.2,KG,1.69,8.45,€
3775,2023-05-12 14:10:06,frutas_legumes, Coentros em Vaso ,0.2,KG,1.69,8.45,€
3776,2023-05-12 14:10:06,frutas_legumes, Cogumelos Shitake Bio - Embalage 0.25 Kg ,250.0,KG,3.49,13.96,€
3777,2023-05-12 14:10:06,frutas_legumes, Malaguetas Mix - Embalagem 0.1 Kg ,0.1,KG,1.39,13.9,€
3778,2023-05-12 14:10:06,frutas_legumes, Couve Chinesa - Embalagem 0.5 Kg ,0.5,KG,1.49,3.72,€
3779,2023-05-12 14:10:06,frutas_legumes, Salsa Vaso ,0.2,KG,1.69,8.45,€
3780,2023-05-12 14:10:06,frutas_legumes, Cebolinho Vaso ,0.02,KG,1.69,8.45,€
3781,2023-05-12 14:10:06,frutas_legumes, Limão Igp - Embalagem 1 Kg ,1.0,KG,2.19,2.19,€
3782,2023-05-12 14:10:06,frutas_legumes, Agrião Pingo Doce - Embalagem 015 Kg ,0.15,KG,1.39,9.27,€
3783,2023-05-12 14:10:06,frutas_legumes, Feijão Verde com Cenoura - Embalagem 0.4 Kg ,0.4,KG,2.49,6.23,€
3784,2023-05-12 14:10:06,frutas_legumes, Mix Crocante Vitacress ,0.25,KG,1.99,7.96,€
3785,2023-05-12 14:10:06,frutas_legumes, Salada Americana Vitacress ,0.2,KG,3.69,18.45,€
3786,2023-05-12 14:10:06,frutas_legumes, Mirtilo - Embalagem 0.25 Kg ,0.25,KG,3.79,15.16,€
3787,2023-05-12 14:10:06,frutas_legumes, Couva Roxa Ripada - Embalagem 0.2 Kg ,0.2,KG,0.99,4.95,€
3788,2023-05-12 14:10:06,frutas_legumes, Cogumelos Portobello Grandes Pingo Doce - Embalagem 0.22 Kg ,0.22,KG,1.89,8.59,€
3789,2023-05-12 14:10:06,frutas_legumes, Cogumelos Portobello Pequenos Pingo Doce - Embalagem 0.3 Kg ,0.3,KG,1.89,6.3,€
3790,2023-05-12 14:10:06,frutas_legumes, Endívia - Embalagem 0.4 Kg ,0.4,KG,2.99,7.48,€
3791,2023-05-12 14:10:06,frutas_legumes, Cogumelos Brancos Gigantes Pingo Doce - Embalagem 0.25 Kg ,0.25,KG,1.89,7.56,€
3792,2023-05-12 14:10:06,frutas_legumes, Cogumelos Brancos Laminados Pingo Doce - Embalagem 0.25 Kg ,0.25,KG,1.89,7.56,€
3793,2023-05-12 14:10:06,frutas_legumes, Cogumelos Shiitake Pingo Doce - Embalagem 0.2 Kg ,0.2,KG,3.29,16.45,€
3794,2023-05-12 14:10:06,frutas_legumes, Salada Aromática Vitacress ,0.1,KG,1.59,15.9,€
3795,2023-05-12 14:10:06,frutas_legumes, Cogumelos Brancos Inteiros Pingo Doce - Embalagem 0.3 Kg ,0.3,KG,1.89,6.3,€
3796,2023-05-12 14:10:06,frutas_legumes, Nabiças 4ª Gama Pingo Doce ,0.15,KG,1.29,8.6,€
3797,2023-05-12 14:10:06,frutas_legumes, Agrião Baby Vitacress - Embalagem 0.125 Kg ,0.125,KG,1.79,14.32,€
3798,2023-05-12 14:10:06,frutas_legumes, Banana Importada - Unidade  0.2 Kg ,0.2,KG,1.21,1.21,€
3799,2023-05-12 14:10:06,frutas_legumes, Maçã Gala Nacional - Embalagem 1.5 Kg ,1.5,KG,2.34,1.56,€
3800,2023-05-12 14:10:06,frutas_legumes, Nêspera - Embalagem 0.5 Kg ,0.5,KG,2.99,5.98,€
3801,2023-05-12 14:10:06,frutas_legumes, Tomate Chucha Bio - Embalagem 0.5 Kg ,0.5,KG,2.34,4.68,€
3802,2023-05-12 14:10:06,frutas_legumes, Maçã  Gala Nacional - Unidade 0.18 Kg ,0.18,KG,1.87,1.87,€
3803,2023-05-12 14:10:06,frutas_legumes, Abacaxi - Unidade 1.85 Kg ,1.85,KG,1.29,1.29,€
3804,2023-05-12 14:10:06,frutas_legumes, Kiwi - Embalagem 1 Kg ,1.0,KG,2.39,2.39,€
3805,2023-05-12 14:10:06,frutas_legumes, Couve Coração de Boi - Unidade 0.86 Kg ,0.86,KG,1.19,1.19,€
3806,2023-05-12 14:10:06,frutas_legumes, Morangos - Embalagem 0.5 Kg ,0.5,KG,2.49,4.98,€
3807,2023-05-12 14:10:06,frutas_legumes, Alho Seco - Embalagem 0.5 Kg ,0.5,KG,2.49,4.98,€
3808,2023-05-12 14:10:06,frutas_legumes, Salada Alentejana Pingo Doce - Embalagem 0.15 Kg ,0.15,KG,1.29,8.6,€
3809,2023-05-12 14:10:06,frutas_legumes, Tomate Mini Alongado Pingo Doce - Embalagem 0.25 Kg ,0.25,KG,1.21,4.84,€
3810,2023-05-12 14:10:06,frutas_legumes, Amoras - Embalagem 0.125 Kg ,0.125,KG,2.49,19.92,€
3811,2023-05-12 14:10:06,frutas_legumes, Banana para Fritar - Unidade 0.24 Kg ,0.24,KG,2.79,2.79,€
3812,2023-05-12 14:10:06,frutas_legumes, Nabos sem Rama - Unidade 0.25 Kg ,0.25,KG,2.25,2.25,€
3813,2023-05-12 14:10:06,frutas_legumes, Alface Frisada Pingo Doce - Embalagem 0.43 Kg ,0.43,KG,1.68,1.68,€
3814,2023-05-12 14:10:06,frutas_legumes, Batata Doce - Unidade 0.4 Kg ,0.4,KG,1.68,1.68,€
3815,2023-05-12 14:10:06,frutas_legumes, Abóbora Pedaços - Unidade 0.7 Kg ,0.7,KG,2.53,2.53,€
3816,2023-05-12 14:10:06,frutas_legumes, Alho Francês Inteiro Pingo Doce - Embalagem 0.5 Kg ,0.5,KG,2.82,2.82,€
3817,2023-05-12 14:10:06,frutas_legumes, Alface Bio Pingo Doce - Embalagem 0.35 Kg ,0.35,KG,3.57,3.57,€
3818,2023-05-12 14:10:06,frutas_legumes, Melão Verde - Unidade 3.5 Kg ,3.5,KG,1.87,1.87,€
3819,2023-05-12 14:10:06,frutas_legumes, Tomate com Rama - Unidade 0.15 Kg ,0.15,KG,2.25,2.25,€
3820,2023-05-12 14:10:06,frutas_legumes, Tomate Mini Alongado - Unidade 0.2 Kg ,0.2,KG,3.76,3.76,€
3821,2023-05-12 14:10:06,frutas_legumes, Alface Roxa Bio Pingo Doce - Embalagem 0.26 Kg ,0.26,KG,3.66,3.66,€
3822,2023-05-12 14:10:06,frutas_legumes, Pêra Forelle 65+ - Unidade 0.3 Kg ,0.3,KG,2.82,2.82,€
3823,2023-05-12 14:10:06,frutas_legumes, Batata Conservação Vermelha - Unidade 0.21 Kg ,0.21,KG,1.36,1.36,€
3824,2023-05-12 14:10:06,frutas_legumes, Banana Bio - Embalagem 0.85 Kg ,0.85,KG,1.68,1.68,€
3826,2023-05-12 14:10:06,frutas_legumes, Batata Vermelha Conservação - Embalagem 4.5 Kg ,4.5,KG,4.7,1.04,€
3827,2023-05-12 14:10:06,frutas_legumes, Batata de Conservação Nacional - Embalagem 4.5 Kg ,4.5,KG,4.7,1.04,€
3828,2023-05-12 14:10:06,frutas_legumes, Funcho - Unidade 0.38 Kg ,0.38,KG,4.99,4.99,€
3829,2023-05-12 14:10:06,frutas_legumes, Favas - Unidade 0.5 Kg ,0.5,KG,2.29,2.29,€
3830,2023-05-12 14:10:06,frutas_legumes, Manga Maturada - Unidade 0.45 Kg ,0.45,KG,2.99,2.99,€
3831,2023-05-12 14:10:06,frutas_legumes, Romã Vermelha - Unidade 0.35 Kg ,0.35,KG,3.99,3.99,€
3832,2023-05-12 14:10:06,frutas_legumes, Granadilha - Unidade 0.1 Kg ,0.1,KG,12.99,12.99,€
3833,2023-05-12 14:10:06,frutas_legumes, Alho Seco Biológico Pingo Doce - Embalagem 0.2 Kg ,0.2,KG,1.29,6.45,€
3834,2023-05-12 14:10:06,frutas_legumes, Meloa Galia - Unidade 1.2 Kg ,1.2,KG,1.99,1.99,€
3835,2023-05-12 14:10:06,frutas_legumes, Curgete - Unidade 0.36 Kg ,0.36,KG,1.12,1.12,€
3836,2023-05-12 14:10:06,frutas_legumes, Beringela - Unidade 0.38 Kg ,0.38,KG,1.69,1.69,€
3837,2023-05-12 14:10:06,frutas_legumes, Espargos Bio Pingo Doce - Embalagem 0.25 Kg ,0.25,KG,2.99,11.96,€
3838,2023-05-12 14:10:06,frutas_legumes, Mamão Cal. 2/4 - Unidade 1.45 Kg ,1.45,KG,3.89,3.89,€
3839,2023-05-12 14:10:06,frutas_legumes, Papaia Avião Cal. 6/9 - Unidade 0.6 Kg ,0.6,KG,3.89,3.89,€
3840,2023-05-12 14:10:06,frutas_legumes, Melancia Preta - Unidade 5 Kg ,5.0,KG,1.49,1.49,€
3841,2023-05-12 14:10:06,frutas_legumes, Batata Conservação Vitacress ,0.7,KG,1.5,2.14,€
3842,2023-05-12 14:10:06,frutas_legumes, Uva Branca sem Grainha - Unidade 8.5 Kg ,0.85,KG,2.99,2.99,€
3843,2023-05-12 14:10:06,frutas_legumes, Ananás Açores - Unidade 1.3 Kg ,1.3,KG,9.99,9.99,€
3844,2023-05-12 14:10:06,frutas_legumes, Salada Montanheira - Embalagem 0.3 Kg ,0.3,KG,1.39,4.63,€
3845,2023-05-12 14:10:06,frutas_legumes, Funcho Bio - Embalagem 0.25 Kg ,0.25,KG,1.99,7.96,€
3846,2023-05-12 14:10:06,frutas_legumes, Mandioca - Unidade 0.6 Kg ,0.6,KG,3.99,3.99,€
3847,2023-05-12 14:10:06,frutas_legumes, Meloa Cantaloupe - Unidade 1.1 Kg ,1.1,KG,2.69,2.69,€
3848,2023-05-12 14:10:06,frutas_legumes, Pitaya Amarela - Unidade 0.5 Kg ,0.5,KG,14.99,14.99,€
3849,2023-05-12 14:10:06,frutas_legumes, Pitaya Vermelha - Unidade 0.45 Kg ,0.45,KG,14.99,14.99,€
3850,2023-05-12 14:10:06,frutas_legumes, Mirtilo - Embalagem 0.5 Kg ,0.5,KG,4.49,8.98,€
3851,2023-05-12 14:10:06,frutas_legumes, Melancia Alongada - Unidade 5 Kg ,5.0,KG,1.49,1.49,€
3852,2023-05-12 14:10:06,frutas_legumes, Cebola Nova - Unidade 0.25 Kg ,0.25,KG,1.85,1.85,€
3853,2023-05-12 14:10:06,frutas_legumes, Maçã Pinova Val Venosta Cal.75+ - Unidade 0.24 Kg ,0.24,KG,1.78,1.78,€
3854,2023-05-12 14:10:06,frutas_legumes, Uva Branca Honey Premium - Embalagem 0.4 Kg ,0.4,KG,2.69,6.73,€
3855,2023-05-12 14:10:06,frutas_legumes, Pepino Mini - Embalagem 0.2 Kg ,0.2,KG,1.39,6.95,€
3856,2023-05-12 14:10:06,frutas_legumes, Uva Preta Honey Premium - Embalagem 0.4 Kg ,0.4,KG,2.69,6.73,€
3857,2023-05-12 14:10:06,frutas_legumes, Fisális - Embalagem 0.1 Kg ,0.1,KG,1.49,14.9,€
3858,2023-05-12 14:10:06,frutas_legumes, Kiwi Sungold Zespri - Embalagem 0.4 Kg ,0.4,KG,3.99,9.98,€
3859,2023-05-12 14:10:06,frutas_legumes, Coco Fresco Bio - Unidade 0.8 Kg ,0.5,KG,1.99,3.98,€
3860,2023-05-12 14:10:06,frutas_legumes, Tamarindo - Embalagem 0.45 Kg ,0.45,KG,3.49,7.76,€
3861,2023-05-12 14:10:06,frutas_legumes, Tomate - Embalagem 1 Kg ,1.0,KG,1.87,1.87,€
3862,2023-05-12 14:10:06,frutas_legumes, Tomate Alongado  - Unidade 0.14 Kg ,0.14,KG,2.34,2.34,€
3863,2023-05-12 14:10:06,frutas_legumes, Couve Roxa - Unidade 1.25 Kg ,1.25,KG,1.49,1.49,€
3864,2023-05-12 14:10:06,frutas_legumes, Manga Pronta a Comer - Unidade 0.42 Kg ,0.42,KG,4.49,4.49,€
3865,2023-05-12 14:10:06,frutas_legumes, Salada Iberia Pingo Doce - Embalagem 0.15 Kg ,0.15,KG,1.39,9.27,€
3866,2023-05-12 14:10:06,frutas_legumes, Pêra Packam's 65+ - Unidade 0.2 Kg ,0.2,KG,1.87,1.87,€
3867,2023-05-12 14:10:06,frutas_legumes, Cebolinho Embalado ,0.02,KG,1.69,84.5,€
3868,2023-05-12 14:10:06,frutas_legumes, Cebola Pingo Doce - Embalagem 1 Kg ,1.0,KG,1.87,1.87,€
3869,2023-05-12 14:10:06,frutas_legumes, Batata Selecionada para Fritar Pingo Doce - Embalagem 3 Kg ,3.0,KG,3.38,1.13,€
3870,2023-05-12 14:10:06,frutas_legumes, Gengibre - Unidade 0.15 Kg ,0.15,KG,4.69,4.69,€
3871,2023-05-12 14:10:06,frutas_legumes, Abacate Hass - Unidade 0.2 Kg ,0.2,KG,4.89,4.89,€
3872,2023-05-12 14:10:06,frutas_legumes, Inhame  - Unidade 0.13 Kg ,0.13,KG,5.99,5.99,€
3873,2023-05-12 14:10:06,frutas_legumes, Pêra Bio Pingo Doce - Embalagem 0.6 Kg ,0.6,KG,2.99,4.98,€
3874,2023-05-12 14:10:06,frutas_legumes, Pepino Bio Pingo Doce - Embalagem 0.5 Kg ,0.5,KG,1.99,3.98,€
3875,2023-05-12 14:10:06,frutas_legumes, Pêra Rocha do Oeste DOP - Unidade 0.18 Kg ,0.18,KG,1.87,1.87,€
3876,2023-05-12 14:10:06,frutas_legumes, Coco Seco - Unidade 0.43 Kg ,0.43,KG,2.19,2.19,€
3879,2023-05-12 14:10:06,frutas_legumes, Melão Amarelo- Unidade 1.85 Kg ,1.85,KG,1.87,1.87,€
3880,2023-05-12 14:10:06,frutas_legumes, Maçã Fuji Nacional - Embalagem 1.5 Kg ,1.5,KG,2.53,1.69,€
3881,2023-05-12 14:10:06,frutas_legumes, Batata Conservação Branca - Unidade 0.2 Kg ,0.2,KG,1.36,1.36,€
3882,2023-05-12 14:10:06,frutas_legumes, Framboesa - Embalagem 0.25 Kg ,0.25,KG,3.79,15.16,€
3883,2023-05-12 14:10:06,frutas_legumes, Dentes de Alho Seco em Copo Darlie - Embalagem 0.13 Kg ,0.13,KG,1.39,10.69,€
3884,2023-05-12 14:10:06,frutas_legumes, Aipo Cortado - Embalagem 0.5 Kg ,0.5,KG,1.69,3.38,€
3885,2023-05-12 14:10:06,frutas_legumes, Kiwi Cal. 27/30 - Unidade 0.12 Kg ,0.12,KG,3.15,3.15,€
3886,2023-05-12 14:10:06,frutas_legumes, Alecrim Embalado ,0.02,KG,1.69,84.5,€
3887,2023-05-12 14:10:06,frutas_legumes, Espargos Verdes - Embalagem 0.25 Kg ,0.25,KG,3.29,13.16,€
3888,2023-05-12 14:10:06,frutas_legumes, Couve Lombarda - Unidade 1.1 Kg ,1.1,KG,1.69,1.69,€
3889,2023-05-12 14:10:06,frutas_legumes, Uva Red Globe - Unidade 1 Kg ,1.0,KG,3.99,3.99,€
3890,2023-05-12 14:10:06,frutas_legumes, Uva Branca Sem Grainha Sweeta - Embalagem 0.4 Kg ,0.4,KG,2.99,7.48,€
3891,2023-05-12 14:10:06,frutas_legumes, Bimi - Embalagem 0.2 Kg ,0.2,KG,2.39,11.95,€
3892,2023-05-12 14:10:06,frutas_legumes, Salada Camponesa Pingo Doce - Embalagem 0.25 Kg ,0.25,KG,1.39,5.56,€
3893,2023-05-12 15:09:13,frutas_legumes, Panados de Frango - Unidade 0.1 Kg ,0.1,KG,7.59,7.59,€
3894,2023-05-12 15:09:13,talho, Rolo de Carne de Porco Queijo e Bacon - Unidade 1.05 Kg ,1.05,KG,7.49,7.49,€
3895,2023-05-12 15:09:13,talho, Costeleta de Borrego - Unidade 0.1 Kg ,0.1,KG,14.98,14.98,€
3896,2023-05-12 15:09:13,talho, Desfiado de Pato Quinta da Marinha ,0.6,KG,9.99,16.65,€
3897,2023-05-12 15:09:13,talho, Almôndegas de Carne de Aves Lusiaves - Embalagem 0.4 Kg ,0.4,KG,2.69,6.73,€
3898,2023-05-12 15:09:13,talho, Espetadas de Peru com Ananás - Embalagem 0.65 Kg ,0.65,KG,4.59,7.06,€
3899,2023-05-12 15:09:13,talho, Espetadas de Peru - Unidade 0.15 Kg ,0.15,KG,6.99,6.99,€
3900,2023-05-12 15:09:13,talho, Hambúrguer de Peru Nutriaves - Embalagem 0.46 Kg ,0.46,KG,3.29,7.15,€
3901,2023-05-12 15:09:13,talho, Carne picada de Peru Nutriaves - Embalagem 0.46 Kg ,0.46,KG,3.29,7.15,€
3902,2023-05-12 15:09:13,talho, Bifes de Peru Panados Nutriaves - Embalagem 0.4 Kg ,0.4,KG,4.49,11.23,€
3903,2023-05-12 15:09:13,talho, Bifes de Frango Panados - Embalagem 0.4 Kg ,0.4,KG,4.49,11.23,€
3904,2023-05-12 15:09:13,talho, Almôndegas de Peru Nutriaves - Embalagem 0.46 Kg ,0.46,KG,2.89,6.28,€
3905,2023-05-12 15:09:13,talho, Preparado de Carne de Aves Lusiaves - Embalagem 0.4 Kg ,0.4,KG,2.49,6.23,€
3906,2023-05-12 15:09:13,talho, Hambúrguer de Frango Lusiaves - Embalagem 0.46 Kg ,0.46,KG,2.99,6.5,€
3907,2023-05-12 15:09:13,talho, Hambúrguer de Peru Lusiaves - Embalagem 0.46 Kg ,0.46,KG,3.49,7.59,€
3908,2023-05-12 15:09:13,talho, Codornizes - Unidade 0.16 Kg ,0.16,KG,1.19,7.44,€
3909,2023-05-12 15:09:13,talho, Hambúrgueres de Novilho Angus - Embalagem 0.4 Kg ,0.4,KG,5.39,13.47,€
3910,2023-05-12 15:09:13,talho, Carne Picada de Novilho Angus - Embalagem 0.4 Kg ,0.4,KG,5.39,13.47,€
3911,2023-05-12 15:09:13,talho, Almôndegas de Novilho Angus - Embalagem 0.4 Kg ,0.4,KG,5.39,13.47,€
3912,2023-05-12 15:09:13,talho, Salsicha de Aves Lusiaves - Embalagem 0.35 Kg ,0.35,KG,2.49,7.11,€
3913,2023-05-12 15:09:13,talho, Borrego Perna - Unidade 2.2 Kg ,2.2,KG,9.99,9.99,€
3914,2023-05-12 15:09:13,talho, Borrego Cachaço - Unidade 0.54 Kg ,0.54,KG,8.99,8.99,€
3915,2023-05-12 15:09:13,talho, Borrego Peito - Unidade 2 Kg ,2.0,KG,9.99,9.99,€
3916,2023-05-12 15:09:13,talho, Espetadas de Porco - Unidade 0.15 Kg ,0.15,KG,6.89,6.89,€
3917,2023-05-12 15:09:13,talho, Hambúrguer de Novilho Angus - Embalagem 0.3 Kg ,0.3,KG,3.99,13.3,€
3918,2023-05-12 15:09:13,talho, Rolo de Carne de Porco Misto - Unidade 1 Kg ,1.0,KG,7.99,7.99,€
3919,2023-05-12 15:09:13,talho, Panados de Porco - Unidade 0.11 Kg ,0.11,KG,8.49,8.49,€
3920,2023-05-12 15:09:13,talho, Rolo de Carne de Vitelão Misto - Unidade 1.15 Kg ,1.15,KG,9.99,9.99,€
3921,2023-05-12 15:09:13,talho, Rolo de Carne Bovino com Queijo e Fiambre - Embalagem 0.6 Kg ,0.6,KG,5.49,9.15,€
3922,2023-05-12 15:09:13,talho, Ossos da Espinha de Porco - Unidade 1 Kg ,1.0,KG,1.31,1.31,€
3923,2023-05-12 15:09:13,talho, Tiras de Entremeada de Porco com Entrecosto para Assar - Unidade 0.2 Kg ,0.2,KG,4.8,4.8,€
3924,2023-05-12 15:09:13,talho, Entrecosto de Porco para Grelhar - Unidade 1.6 Kg ,1.6,KG,5.93,5.93,€
3925,2023-05-12 15:09:13,talho, Chispe de Porco ,1.0,KG,3.1,3.1,€
3926,2023-05-12 15:09:13,talho, Perna de Frango com Costa - Unidade 0.45 Kg ,0.45,KG,2.82,2.82,€
3927,2023-05-12 15:09:13,talho, Frango do Campo com Miúdos - Unidade 2.25 Kg ,2.25,KG,3.29,3.29,€
3928,2023-05-12 15:09:13,talho, Lombo de Porco - Unidade 2 Kg ,2.0,KG,4.99,4.99,€
3929,2023-05-12 15:09:13,talho, Naco para Pedra de Vitela e Vitelão - Unidade 0.25 Kg ,0.25,KG,11.78,11.78,€
3930,2023-05-12 15:09:13,talho, Vitelão para Fondue - Unidade 0.5 Kg ,0.5,KG,11.78,11.78,€
3931,2023-05-12 15:09:13,talho, Bife da Vazia de Bovino da América do Sul - Embalagem 0.2 Kg ,0.2,KG,5.65,28.25,€
3932,2023-05-12 15:09:13,talho, Lombo de Bovino Pequeno Corte ,0.45,KG,8.48,18.84,€
3933,2023-05-12 15:09:13,talho, Vitelão Bife da Vazia - Unidade 0.2 Kg ,0.2,KG,14.14,14.14,€
3934,2023-05-12 15:09:13,talho, Frango Inteiro - Unidade 1.6 Kg ,1.6,KG,2.34,2.34,€
3935,2023-05-12 15:09:13,talho, Pato sem Miúdos Metades Pingo Doce - Embalagem 1.13 Kg ,1.13,KG,4.98,4.98,€
3936,2023-05-12 15:09:13,talho, Pato com Miúdos Pingo Doce - Embalagem 2.1 Kg ,2.1,KG,4.48,4.48,€
3937,2023-05-12 15:09:13,talho, Frango do Campo com Miúdos Pingo Doce - Unidade 2.36 Kg ,2.36,KG,3.29,3.29,€
3938,2023-05-12 15:09:13,talho, Frango de Churrasco Pingo Doce - Embalagem 1.1 Kg ,1.1,KG,3.29,3.29,€
3939,2023-05-12 15:09:13,talho, Peito de Frango do Campo Pingo Doce - Embalagem 0.6 Kg ,0.6,KG,7.82,7.82,€
3940,2023-05-12 15:09:13,talho, Lagartos de Porco Preto - Embalagem 0.38 Kg ,0.38,KG,14.61,14.61,€
3941,2023-05-12 15:09:13,talho, Asas de Frango Pingo Doce - Embalagem 0.53 Kg ,0.53,KG,2.82,2.82,€
3942,2023-05-12 15:09:13,talho, Bife de Frango Pingo Doce - Embalagem 0.55 Kg ,0.55,KG,6.59,6.59,€
3943,2023-05-12 15:09:13,talho, Figado de Frango Pingo Doce - Embalagem 0.575 Kg ,0.58,KG,2.16,2.16,€
3944,2023-05-12 15:09:13,talho, Frango Fresco com Miúdos em Vácuo Pingo Doce - Embalagem 1.4 Kg ,1.4,KG,2.82,2.82,€
3945,2023-05-12 15:09:13,talho, Bife de Frango do Campo Pingo Doce - Embalagem 0.45 Kg ,0.45,KG,7.82,7.82,€
3946,2023-05-12 15:09:13,talho, Canjinha de Frango do Campo Pingo Doce - Embalagem 0.7 Kg ,0.7,KG,5.92,5.92,€
3947,2023-05-12 15:09:13,talho, Peito de Frango Pingo Doce - Embalagem 0.6 Kg ,0.6,KG,6.59,6.59,€
3948,2023-05-12 15:09:13,talho, Perninha de Frango Pingo Doce - Embalagem 0.56 Kg ,0.56,KG,5.46,5.46,€
3949,2023-05-12 15:09:13,talho, Espetadas de Peru ATP Pingo Doce - Embalagem 0.62 Kg ,0.62,KG,7.49,7.49,€
3950,2023-05-12 15:09:13,talho, Entrecôte de Novilho Angus - Embalagem 0.27 Kg ,0.27,KG,22.16,22.16,€
3951,2023-05-12 15:09:13,talho, Bife Redondo do Vitelão - Embalagem 0.58 Kg ,0.58,KG,11.3,11.3,€
3952,2023-05-12 15:09:13,talho, Carne Picada de Vitelão - Embalagem 0.57 Kg ,0.57,KG,9.99,9.99,€
3953,2023-05-12 15:09:13,talho, Bifanas de Porco Preto - Embalagem 0.27 Kg ,0.27,KG,11.31,11.31,€
3954,2023-05-12 15:09:13,talho, Bife de Alcatra de Novilho Angus - Unidade 0.3 Kg ,0.3,KG,16.5,16.5,€
3955,2023-05-12 15:09:13,talho, Hambúrguer de Vitelão - Embalagem 0.6 Kg ,0.6,KG,9.99,9.99,€
3956,2023-05-12 15:09:13,talho, Bife do Lombo de Novilho Angus - Embalagem 0.26 Kg ,0.26,KG,31.12,31.12,€
3957,2023-05-12 15:09:13,talho, Costeleta de Lombo de Porco - Unidade 0.15 Kg ,0.15,KG,4.89,4.89,€
3958,2023-05-12 15:09:13,talho, Costeleta do Cachaço de Porco - Unidade 0.16 Kg ,0.16,KG,4.89,4.89,€
3959,2023-05-12 15:09:13,talho, Picanha de Bovino Fatiada Gourmet ,0.45,KG,8.0,17.78,€
3960,2023-05-12 15:09:13,talho, Lombinhos de Porco em Vácuo - Unidade 0.55 Kg ,0.55,KG,7.06,7.06,€
3961,2023-05-12 15:09:13,talho, Tiras de Entrecosto de Porco - Unidade 0.9 Kg ,0.9,KG,6.87,6.87,€
3962,2023-05-12 15:09:13,talho, Picanha Fatiada da América do Sul - Embalagem 0.2 Kg ,0.2,KG,5.17,25.85,€
3963,2023-05-12 15:09:13,talho, Picanha de Novilho Angus - Embalagem 0.29 Kg ,0.29,KG,18.85,18.85,€
3964,2023-05-12 15:09:13,talho, Bife de Novilho do Redondo Angus ATP - Embalagem 0.43 Kg ,0.43,KG,15.55,15.55,€
3965,2023-05-12 15:09:13,talho, Bife da Vazia de Novilho Angus - Embalagem 0.24 Kg ,0.24,KG,21.68,21.68,€
3966,2023-05-12 15:09:13,talho, Perninhas de Frango do Campo Pingo Doce - Embalagem 0.51 Kg ,0.51,KG,7.53,7.53,€
3967,2023-05-12 15:09:13,talho, Bife de Peru ATP Pingo Doce - Embalagem 0.56 Kg ,0.56,KG,7.06,7.06,€
3968,2023-05-12 15:09:13,talho, Perna de Frango Pingo Doce - Embalagem 0.56 Kg ,0.56,KG,4.7,4.7,€
3969,2023-05-12 15:09:13,talho, Coxas de Frango Pingo Doce - Embalagem 0.55 Kg ,0.55,KG,5.36,5.36,€
3970,2023-05-12 15:09:13,talho, Coxas de Frango do Campo Pingo Doce - Embalagem 0.55 Kg ,0.55,KG,8.19,8.19,€
3971,2023-05-12 15:09:13,talho, Perna Frango do Campo Pingo Doce - Embalagem 0.72 Kg ,0.72,KG,7.06,7.06,€
3972,2023-05-12 15:09:13,talho, Frango do Campo Metades Pingo Doce - Embalagem 0.81 Kg ,0.81,KG,4.04,4.04,€
3973,2023-05-12 15:09:13,talho, Bife da Rabadilha de Bovino - Unidade 0.2 Kg ,0.2,KG,10.35,10.35,€
3974,2023-05-12 15:09:13,talho, Secretos de Porco Preto - Embalagem 0.33 Kg ,0.33,KG,14.89,14.89,€
3975,2023-05-12 15:09:13,talho, Bifanas de Porco - Unidade 0.15 Kg ,0.15,KG,4.89,4.89,€
3976,2023-05-12 15:09:13,talho, Bife do Redondo de Vitela e Vitelão - Unidade 0.24 Kg ,0.24,KG,10.83,10.83,€
3977,2023-05-12 15:09:13,talho, Rojões de Porco - Unidade 0.6 Kg ,0.6,KG,4.89,4.89,€
3978,2023-05-12 15:09:13,talho, Moelas Frango Congeladas - Embalagem 1 Kg ,1.0,KG,2.82,2.82,€
3979,2023-05-12 15:09:13,talho, Carne para Cozer e Estufar de Vitela e Vitelão - Unidade 1 Kg ,1.0,KG,7.53,7.53,€
3980,2023-05-12 15:09:13,talho, Vitelão Carne Picada - Unidade 0.5 Kg ,0.5,KG,7.53,7.53,€
3981,2023-05-12 15:09:13,talho, Salsicha de Porco Brasileira Fresca - Unidade 0.1 Kg ,0.1,KG,5.99,5.99,€
3982,2023-05-12 15:09:13,talho, Peito de Peru - Unidade 0.5 Kg ,0.5,KG,6.59,6.59,€
3983,2023-05-12 15:09:13,talho, Canjinha de Aves Pingo Doce - Embalagem 0.7 Kg ,0.7,KG,3.76,3.76,€
3984,2023-05-12 15:09:13,talho, Moelas de Frango Pingo Doce - Embalagem 0.52 Kg ,0.52,KG,4.98,4.98,€
3985,2023-05-12 15:09:13,talho, Costeletas de Vitela e Vitelão - Unidade 0.3 Kg ,0.3,KG,10.83,10.83,€
3986,2023-05-12 15:09:13,talho, Salsicha Fresca de Porco - Unidade 0.11 Kg ,0.11,KG,5.99,5.99,€
3987,2023-05-12 15:09:13,talho, Vitela Vitelão Pá e Acém - Unidade 0.25 Kg ,0.25,KG,9.42,9.42,€
3988,2023-05-12 15:09:13,talho, Lombo de Vitela e Vitelão - Unidade 1.5 Kg ,1.5,KG,20.74,20.74,€
3989,2023-05-12 15:09:13,talho, Vitela Vitelão Pá e Acém - Embalagem 0.3 Kg ,0.3,KG,10.36,10.36,€
3990,2023-05-12 15:09:13,talho, Lombo de Vitela e Vitelão - Embalagem 0.3 Kg ,0.3,KG,25.46,25.46,€
3991,2023-05-12 15:09:13,talho, Bife da Vazia Vitelão - Embalagem 0.35 Kg ,0.35,KG,16.97,16.97,€
3992,2023-05-12 15:09:13,talho, Panados de Peru - Unidade 0.12 Kg ,0.12,KG,8.49,8.49,€
3999,2023-05-12 15:09:13,talho, Frango Fresco sem Miúdos Pingo Doce em Vácuo - Embalagem 1.3 Kg ,1.3,KG,3.0,3.0,€
4000,2023-05-12 15:09:13,talho, Bife do Lombo de Porco - Unidade 0.4 Kg ,0.4,KG,5.65,5.65,€
4001,2023-05-12 15:09:13,talho, Picanha de Bovino (AM/AF/AU) Peça - Unidade 1.6 Kg ,1.6,KG,18.38,18.38,€
4002,2023-05-12 15:09:13,talho, Pá de Porco com Osso - Unidade 2.6  Kg ,2.6,KG,4.04,4.04,€
4003,2023-05-12 15:09:13,talho, Cachaço de Porco sem Osso - Unidade 2.4 Kg ,2.4,KG,4.99,4.99,€
4004,2023-05-12 15:09:13,talho, Bochechas de Porco Preto - Embalagem 0.27 Kg ,0.27,KG,14.14,14.14,€
4005,2023-05-12 15:09:13,talho, 2 Frangos com Miúdos - Unidade 2.7 Kg ,2.7,KG,2.34,2.34,€
4006,2023-05-12 15:09:13,talho, Escalopes de Vitelão - Unidade 0.5 Kg ,0.5,KG,11.78,11.78,€
4007,2023-05-12 15:09:13,talho, Bife de Bovino da Vazia - Unidade 0.2 Kg ,0.2,KG,14.13,14.13,€
4008,2023-05-12 15:09:13,talho, Pipis Miúdos de Frango - Embalagem 1.05 Kg ,1.05,KG,3.48,3.48,€
4009,2023-05-12 15:09:13,talho, Picanha de Bovino (Europa) Peça - Unidade 1.9 Kg ,1.9,KG,12.25,12.25,€
4013,2023-05-12 15:22:26,talho, Lula Limpa Congelada - Embalagem 0.4 Kg ,0.4,KG,5.59,13.98,€
4014,2023-05-12 15:22:26,peixaria, Peixe para Caldeirada - Unidade 0.3 Kg ,0.3,KG,8.99,8.99,€
4015,2023-05-12 15:22:26,peixaria, Peixe Espada Preto à Posta - Unidade 0.27 Kg ,0.27,KG,9.99,9.99,€
4016,2023-05-12 15:22:26,peixaria, Raia à Posta - Unidade 0.2 Kg ,0.2,KG,7.99,7.99,€
4017,2023-05-12 15:22:26,peixaria, Safio Posta - Unidade 0.59  Kg ,0.59,KG,8.99,8.99,€
4018,2023-05-12 15:22:26,peixaria, Tranche de Salmão - Unidade 0.15 Kg ,0.15,KG,3.69,24.6,€
4019,2023-05-12 15:22:26,peixaria, Bacalhau Graúdo 1ª - Unidade 2.37 Kg ,2.37,KG,12.25,12.25,€
4020,2023-05-12 15:22:26,peixaria, Bacalhau Graúdo Islândia Pingo Doce - Unidade 2.7 Kg ,2.7,KG,14.14,14.14,€
4021,2023-05-12 15:22:26,peixaria, Filetes de Pescada do Cabo Congelado - Embalagem 0.8 Kg ,0.8,KG,5.46,6.82,€
4022,2023-05-12 15:22:26,peixaria, Migas de Paloco - Embalagem 1 Kg ,1.0,KG,8.49,8.49,€
4023,2023-05-12 15:22:26,peixaria, Migas de Paloco - Embalagem 0.4 Kg ,0.4,KG,3.49,8.73,€
4024,2023-05-12 15:22:26,peixaria, Sardinha Congelada - Embalagem 1 Kg ,1.0,KG,3.76,3.76,€
4025,2023-05-12 15:22:26,peixaria, Miolo de Amêijoa Dourada Congelado - Embalagem 0.3 Kg ,0.3,KG,2.99,9.97,€
4026,2023-05-12 15:22:26,peixaria, Miolo de Mexilhão Galego Congelado - Embalagem 0.3 Kg ,0.3,KG,3.29,10.97,€
4027,2023-05-12 15:22:26,peixaria, Sapateira Congelada - Unidade 0.8 Kg ,0.8,KG,16.99,21.24,€
4028,2023-05-12 15:22:26,peixaria, Tamboril do Cabo sem Pele Congelado - Embalagem 0.5 Kg ,0.5,KG,4.99,9.98,€
4029,2023-05-12 15:22:26,peixaria, Conquilha Nacional Congelado - Embalagem 0.5 Kg ,0.5,KG,6.99,13.98,€
4030,2023-05-12 15:22:26,peixaria, Postas de Salmão Congeladas - Embalagem 0.7 Kg ,0.7,KG,8.99,12.84,€
4032,2023-05-12 15:22:26,peixaria, Medalhões de Pescada sem Pele Congelados - Embalagem 0.5 Kg ,0.5,KG,4.04,8.08,€
4033,2023-05-12 15:22:26,peixaria, Pota Congelada - Unidade 1 Kg ,1.0,KG,5.49,5.49,€
4034,2023-05-12 15:22:26,peixaria, Postas de Solha Congeladas - Embalagem 0.8 Kg ,0.8,KG,4.49,5.61,€
4035,2023-05-12 15:22:26,peixaria, Longueirão Nacional Congelado - Embalagem 0.5 Kg ,0.5,KG,4.49,8.98,€
4036,2023-05-12 15:22:26,peixaria, Tentáculos de Pota Congelados - Embalagem 1.48 Kg ,1.48,KG,5.99,5.99,€
4037,2023-05-12 15:22:26,peixaria, Tiras de Pota Congeladas - Embalagem 1 Kg ,1.0,KG,4.99,4.99,€
4038,2023-05-12 15:22:26,peixaria, Choco com Tinta Congelado - Embalagem 0.9 Kg ,0.9,KG,7.99,8.88,€
4039,2023-05-12 15:22:26,peixaria, Lula Inteira Congelada - Embalagem 0.98 Kg ,0.98,KG,7.99,7.99,€
4040,2023-05-12 15:22:26,peixaria, Carapau Pequeno Congelado - Unidade 0.7 Kg ,0.7,KG,2.34,3.34,€
4041,2023-05-12 15:22:26,peixaria, Vieira Recheada Congelada - Unidade 0.12 Kg ,0.12,KG,2.99,24.92,€
4042,2023-05-12 15:22:26,peixaria, Bife de Atum Congelado - Unidade 0.17 Kg ,0.17,KG,2.99,17.59,€
4043,2023-05-12 15:22:26,peixaria, Posta de Tintureira Congelada - Unidade 0.4 Kg ,0.4,KG,4.99,4.99,€
4044,2023-05-12 15:22:26,peixaria, Caldeirada de Peixe Congelada - Embalagem 0.7 Kg ,0.7,KG,4.49,6.41,€
4045,2023-05-12 15:22:26,peixaria, Dourada Fresca +600 - Unidade 0.7 Kg ,0.7,KG,8.48,8.48,€
4046,2023-05-12 15:22:26,peixaria, Bacalhau Especial 1ª Noruega Pingo Doce - Unidade 3.3 Kg ,3.3,KG,14.14,14.14,€
4047,2023-05-12 15:22:26,peixaria, Bacalhau Jumbo - Unidade 3.5 Kg ,3.5,KG,15.08,15.08,€
4048,2023-05-12 15:22:26,peixaria, Bacalhau Especial Islândia Pingo Doce - Unidade 3.5 Kg ,3.5,KG,15.08,15.08,€
4049,2023-05-12 15:22:26,peixaria, Chocos Limpos Congelados 20/40 - Embalagem 0.8 Kg ,0.8,KG,8.99,11.24,€
4050,2023-05-12 15:22:26,peixaria, Pescada do Chile às Postas Congelada - Unidade 0.7 Kg ,0.7,KG,6.12,8.74,€
4051,2023-05-12 15:22:26,peixaria, Bacalhau Graúdo 1ª Noruega Pingo Doce - Unidade 2.3 Kg ,2.3,KG,13.19,13.19,€
4052,2023-05-12 15:22:26,peixaria, Pescada Média África do Sul  600/1200 Congelada - Unidade 0.75 Kg ,0.75,KG,5.17,5.17,€
4053,2023-05-12 15:22:26,peixaria, Marmota Branca - Unidade 0.7 Kg ,0.7,KG,5.65,5.65,€
4054,2023-05-12 15:22:26,peixaria, Pescada Média da América do Sul Congelada 500/900 - Unidade 0.65 Kg ,0.65,KG,4.7,4.7,€
4055,2023-05-12 15:22:26,peixaria, Carapau Médio - Unidade 0.21 Kg ,0.21,KG,4.7,4.7,€
4056,2023-05-12 15:22:26,peixaria, Cavala - Unidade 0.23 Kg ,0.23,KG,3.76,3.76,€
4057,2023-05-12 15:22:26,peixaria, Carapau Pequeno  - Unidade 0.13 Kg ,0.13,KG,4.7,4.7,€
4058,2023-05-12 15:22:26,peixaria, Pescada Pequena da América do Sul Congelada 500/900 - Unidade 0.4 Kg ,0.4,KG,3.76,3.76,€
4059,2023-05-12 15:22:26,peixaria, Bacalhau Especial 1ª - Unidade 3.15 Kg ,3.15,KG,13.19,13.19,€
4060,2023-05-12 15:22:26,peixaria, Camarão Jumbo Congelado - Unidade 1 Kg ,1.0,KG,45.99,45.99,€
4061,2023-05-12 15:22:26,peixaria, Amêijoa Vietnamita Congelada - Unidade 1.05 Kg ,1.05,KG,2.39,2.39,€
4062,2023-05-12 15:22:26,peixaria, Garoupa - Unidade 3.5 Kg ,3.5,KG,18.99,18.99,€
4063,2023-05-12 15:22:26,peixaria, Lula Descongelada - Unidade 0.23 Kg ,0.23,KG,11.99,11.99,€
4064,2023-05-12 15:22:26,peixaria, Garoupa à Posta - Unidade 0.9 Kg ,0.9,KG,19.99,19.99,€
4065,2023-05-12 15:22:26,peixaria, Espetada de Salmão com Pimentos - Unidade 0.27 Kg ,0.27,KG,19.99,19.99,€
4066,2023-05-12 15:22:26,peixaria, Porção de Bacalhau Descongelado - Unidade 0.15 Kg ,0.15,KG,2.34,15.6,€
4067,2023-05-12 15:22:26,peixaria, Mexilhão - Unidade 1 Kg ,1.0,KG,2.29,2.29,€
4068,2023-05-12 15:22:26,peixaria, Bacalhau Crescido 1ª Noruega Pingo Doce - Unidade 1.5 Kg ,1.5,KG,11.31,11.31,€
4069,2023-05-12 15:22:26,peixaria, Gambão Argentino Selvagem 20/30 Congelado - Unidade 0.53 Kg ,0.53,KG,9.99,9.99,€
4070,2023-05-12 15:22:26,peixaria, Maruca Congelada - Unidade 1.5 Kg ,1.5,KG,5.99,5.99,€
4071,2023-05-12 15:22:26,peixaria, Sapateira Cozida Congelada - Embalagem 0.4 Kg ,0.4,KG,6.99,17.48,€
4072,2023-05-12 15:22:26,peixaria, Salmão à Posta - Unidade 0.3 Kg ,0.3,KG,15.99,15.99,€
4073,2023-05-12 15:22:26,peixaria, Polvo Fresco - Unidade 1.38 Kg ,1.38,KG,9.99,9.99,€
4074,2023-05-12 15:22:26,peixaria, Pescada Grande do Chile Congelada - Unidade 1.4 Kg ,1.4,KG,7.44,7.44,€
4075,2023-05-12 15:22:26,peixaria, Robalo Grande 600/1300 - Unidade 0.65 Kg ,0.65,KG,8.49,8.49,€
4076,2023-05-12 15:22:26,peixaria, Dourada Grande +600 - Unidade 0.7 Kg ,0.7,KG,7.53,7.53,€
4077,2023-05-12 15:22:26,peixaria, Corvina de Aquacultura - Unidade 3 Kg ,3.0,KG,5.99,5.99,€
4078,2023-05-12 15:22:26,peixaria, Camarão Cozido 30/50 Pingo Doce - Unidade 1.01 Kg ,1.01,KG,12.49,12.49,€
4079,2023-05-12 15:22:26,peixaria, Sapateira Recheada ,0.4,KG,5.99,14.98,€
4080,2023-05-12 15:22:26,peixaria, Perca do Nilo à Posta - Unidade 0.3 Kg ,0.3,KG,8.89,8.89,€
4081,2023-05-12 15:22:26,peixaria, Bacalhau Crescido 1ª - Unidade 1.6 Kg ,1.6,KG,9.89,9.89,€
4082,2023-05-12 15:22:26,peixaria, Camarão Vannamei Aquacultura 60/80 Congelado - Unidade 1 Kg ,1.0,KG,7.99,7.99,€
4083,2023-05-12 15:22:26,peixaria, Filete de Pescada do Cabo Congelado - Embalagem 0.4 Kg ,0.4,KG,2.72,6.8,€
4084,2023-05-12 15:22:26,peixaria, Caracoleta Mitra Cozida ,0.6,KG,5.99,9.98,€
4085,2023-05-12 15:22:26,peixaria, Caracol Cozido - Unidade 0.6 Kg ,0.6,KG,5.99,9.98,€
4086,2023-05-12 15:22:26,peixaria, Dourada Fresca - Unidade 0.5 Kg ,0.5,KG,6.12,6.12,€
4087,2023-05-12 15:22:26,peixaria, Robalo Fresco 200/600 - Unidade 0.4 Kg ,0.4,KG,7.49,7.49,€
4088,2023-05-12 15:22:26,peixaria, Camarão Cozido 30/50 Embalado Pingo Doce - Embalagem 0.5 Kg ,0.5,KG,6.49,12.98,€
4089,2023-05-12 15:22:26,peixaria, Pescada Grande da África do Sul Congelada - Unidade 1.5 Kg ,1.5,KG,5.65,5.65,€
4090,2023-05-12 15:22:26,peixaria, Migas de Escamudo Salgado Seco Constantinos - Embalagem 0.4 Kg ,0.4,KG,2.49,6.23,€
4091,2023-05-12 15:22:26,peixaria, Polvo Pequeno Congelado - Unidade 0.65 Kg ,0.65,KG,10.49,10.49,€
4092,2023-05-12 15:22:26,peixaria, Polvo Limpo Congelado - Unidade 2 Kg ,2.0,KG,12.99,12.99,€
4093,2023-05-12 15:22:26,peixaria, Tentáculos de Pota Congelados - Unidade 3 Kg ,3.0,KG,6.99,6.99,€
4094,2023-05-12 15:22:26,peixaria, Polvo Limpo Congelado - Unidade 4 Kg ,4.0,KG,17.99,17.99,€
4095,2023-05-12 15:22:26,peixaria, Camarão Tigre Selvagem 10/15 - Unidade 1 Kg ,1.0,KG,19.99,19.99,€
4096,2023-05-12 15:22:26,peixaria, Tamboril Inteiro - Unidade 2 Kg ,2.0,KG,11.99,11.99,€
4097,2023-05-12 15:22:26,peixaria, Raia - Unidade 2.3 Kg ,2.3,KG,5.99,5.99,€
4098,2023-05-12 15:22:26,peixaria, Safio - Unidade 2 Kg ,2.0,KG,5.99,5.99,€
4099,2023-05-12 15:22:26,peixaria, Solha Inteira Congelada - Unidade 0.54 Kg ,0.54,KG,5.99,5.99,€
4100,2023-05-12 15:22:26,peixaria, Camarão Vannamei 40/60 Aquacultura Congelado - Unidade 1 Kg ,1.0,KG,9.99,9.99,€
4101,2023-05-12 15:22:26,peixaria, Pota Descongelada - Unidade 0.25 Kg ,0.25,KG,5.99,5.99,€
4102,2023-05-12 15:22:26,peixaria, Verdinhos - Unidade 0.1 Kg ,0.1,KG,2.99,2.99,€
4103,2023-05-12 15:22:26,peixaria, Camarão Black Tiger 20/30 Aquacultura Congelado - Unidade 0.2 Kg ,0.2,KG,12.99,12.99,€
4104,2023-05-12 15:22:26,peixaria, Abrotea Envolta - Unidade 0.65 Kg ,0.65,KG,5.99,5.99,€
4105,2023-05-12 15:22:26,peixaria, Garoupa - Unidade 2.5 Kg ,2.5,KG,13.99,13.99,€
4106,2023-05-12 15:22:26,peixaria, Red Fish Médio Congelado - Unidade 0.4 Kg ,0.4,KG,4.49,4.49,€
4107,2023-05-12 15:22:26,peixaria, Camarão Vannamei Aquacultura 20/30 Congelado - Unidade 1.02 Kg ,1.02,KG,10.99,10.99,€
4108,2023-05-12 15:22:26,peixaria, Pargo Grande - Unidade 1.1 Kg ,1.1,KG,11.99,11.99,€
4109,2023-05-12 15:22:26,peixaria, Choco Fresco - Unidade 0.97 Kg ,0.97,KG,10.99,10.99,€
4110,2023-05-12 15:22:26,peixaria, Tamboril 250/500 Congelado - Unidade 0.35 Kg ,0.35,KG,14.99,14.99,€
4111,2023-05-12 15:22:26,peixaria, Faneca - Unidade 0.18 Kg ,0.18,KG,4.99,4.99,€
4112,2023-05-12 15:22:26,peixaria, Red Fish Grande Congelado - Unidade 1 Kg ,1.0,KG,6.99,6.99,€
4113,2023-05-12 15:22:26,peixaria, Pargo Mulato - Unidade 0.9 Kg ,0.9,KG,6.99,6.99,€
4122,2023-05-12 15:22:26,peixaria, Paloco do Pacífico Desfiado Ártico ,0.5,KG,3.89,7.78,€
4131,2023-05-12 15:22:26,peixaria, Linguado Selvagem - Unidade 0.29 Kg ,0.29,KG,14.99,14.99,€
4136,2023-05-12 15:22:26,peixaria, Robalo - Unidade 0.4 Kg ,0.4,KG,8.99,8.99,€
4137,2023-05-12 15:22:26,peixaria, Espetada de Peixe Mista com Pimentos  - Unidade 0.23 Kg ,0.23,KG,19.99,19.99,€
4138,2023-05-12 15:22:26,peixaria, Salmão Fresco Inteiro - Unidade 4.2 Kg ,4.2,KG,14.99,14.99,€
4139,2023-05-12 15:22:26,peixaria, Caras de Bacalhau Demolhado - Unidade 0.8 Kg ,0.8,KG,3.76,3.76,€
4140,2023-05-12 15:29:39,peixaria, Presunto da Beira Baixa 9M Oitavos Pingo Doce ,0.35,KG,4.59,13.11,€
4141,2023-05-12 15:29:39,peixaria, Presunto da Beira Baixa 9M Fatiado Pingo Doce ,0.15,KG,2.49,16.6,€
4142,2023-05-12 15:29:39,peixaria, Salpicão Tradicional Fumeiro de Arganil ,0.32,KG,4.95,15.47,€
4143,2023-05-12 15:29:39,peixaria, Linguiça Picante Porminho - 4 un ,0.15,KG,1.99,13.27,€
4144,2023-05-12 15:29:39,peixaria, Chouriço Mouro Tradicional Fumeiro de Arganil ,0.25,KG,2.85,11.4,€
4145,2023-05-12 15:29:39,peixaria, Presunto da Beira Baixa 9M Fatiado Pingo Doce ,0.2,KG,19.39,19.39,€
4146,2023-05-12 15:29:39,peixaria, Chouriço Mouro Fumeiros da Guarda ,0.2,KG,2.79,13.95,€
4147,2023-05-12 15:29:39,peixaria, Chouriço Cebola Serrano Fumeiros da Guarda ,0.2,KG,2.35,11.75,€
4148,2023-05-12 15:29:39,peixaria, Paio do Lombo Tradicional Fumeiro de Arganil ,0.32,KG,6.59,20.59,€
4149,2023-05-12 15:29:39,peixaria, Chouriço Tradicional Fumeiro de Arganil ,0.25,KG,3.75,15.0,€
4150,2023-05-12 15:29:39,peixaria, Chouriço Lavrador Tradicional Fumeiro de Arganil ,0.25,KG,3.09,12.36,€
4151,2023-05-12 15:29:39,peixaria, Linguiça Porminho 4 un ,0.15,KG,1.99,13.27,€
4152,2023-05-12 15:29:39,peixaria, Chourição Fatiado Pingo Doce ,0.2,KG,1.79,8.95,€
4153,2023-05-12 15:29:39,peixaria, Mortadela de Porco Simples Fatiada Pingo Doce ,0.2,KG,0.95,4.75,€
4154,2023-05-12 15:29:39,peixaria, Mortadela de Porco com Azeitonas Fatiada Pingo Doce ,0.2,KG,0.95,4.75,€
4155,2023-05-12 15:29:39,peixaria, Chouriço de Peru Serra da Gardunha ,0.18,KG,3.45,19.17,€
4156,2023-05-12 15:29:39,peixaria, Presunto Teruel DOP Airesano 8Estaciones ,0.08,KG,4.79,59.88,€
4157,2023-05-12 15:29:39,peixaria, Alheira Fumeiros da Guarda ,0.2,KG,2.59,12.95,€
4158,2023-05-12 15:29:39,peixaria, Presunto Serrano 14M Gourmet Premium Jamones Arroyo ,0.25,KG,5.35,21.4,€
4159,2023-05-12 15:29:39,peixaria, Paio York Fatiado Pingo Doce ,0.2,KG,1.59,7.95,€
4160,2023-05-12 15:29:39,peixaria, Paio Fatiado Pingo Doce ,0.2,KG,2.99,14.95,€
4161,2023-05-12 15:29:39,peixaria, Presunto 5M Fatias Finas Pingo Doce ,0.15,KG,2.29,15.27,€
4162,2023-05-12 15:29:39,peixaria, Chouriço Extra Stec ,0.2,KG,2.55,12.75,€
4163,2023-05-12 15:29:39,peixaria, Linguiça Stec ,0.18,KG,2.05,11.39,€
4164,2023-05-12 15:29:39,peixaria, Linguiça Picante Stec ,0.18,KG,2.05,11.39,€
4165,2023-05-12 15:29:39,peixaria, Fiambre da Pá Pingo Doce ,0.1,KG,9.19,9.19,€
4166,2023-05-12 15:29:39,peixaria, Presunto Supremos Fatiado Damatta ,0.15,KG,5.15,34.33,€
4167,2023-05-12 15:29:39,peixaria, Bacon Special Breakfast Sicarze ,0.15,KG,2.99,19.93,€
4168,2023-05-12 15:29:39,peixaria, Salsicha Churrasco com Ervas Sicarze ,0.25,KG,2.75,11.0,€
4169,2023-05-12 15:29:39,peixaria, Bacon Breakfast Fatiado Hein ,0.1,KG,2.29,22.9,€
4170,2023-05-12 15:29:39,peixaria, Chouriço Regional Vinho Fumeiros da Guarda ,0.2,KG,3.25,16.25,€
4171,2023-05-12 15:29:39,peixaria, Toucinho Fumado Seleccionado Fatiado Damatta ,0.2,KG,4.39,21.95,€
4172,2023-05-12 15:29:39,peixaria, Presunto 5 M Fatiado Pingo Doce ,0.2,KG,2.79,13.95,€
4173,2023-05-12 15:29:39,peixaria, Moira Regional Beira Lamego ,0.2,KG,1.99,9.95,€
4174,2023-05-12 15:29:39,peixaria, Morcela de Assar Tradicional Fumeiro de Arganil ,0.3,KG,2.79,9.3,€
4175,2023-05-12 15:29:39,peixaria, Farinheira Tradicional Fumeiro de Arganil ,0.25,KG,1.99,7.96,€
4176,2023-05-12 15:29:39,peixaria, Chouriço Corrente Stec ,1.0,KG,5.99,5.99,€
4177,2023-05-12 15:29:39,peixaria, Chourição de Seia Fatiado Tradição ,0.2,KG,2.45,12.25,€
4178,2023-05-12 15:29:39,peixaria, Chouriço Cura Natural Mestre Estevão ,0.08,KG,2.75,34.38,€
4179,2023-05-12 15:29:39,peixaria, Lombo Curado de Porco Cura Natural Mestre Estevão ,0.08,KG,3.29,41.13,€
4180,2023-05-12 15:29:39,peixaria, Cachaço do Lombo Mestre Estevão - Embalagem 0.08 Kg ,0.08,KG,2.99,37.38,€
4181,2023-05-12 15:29:39,peixaria, Salpicão Fumeiros da Guarda ,0.25,KG,4.25,17.0,€
4182,2023-05-12 15:29:39,peixaria, Chouriço Misarela Minho Fumeiro ,0.2,KG,4.55,22.75,€
4183,2023-05-12 15:29:39,peixaria, Farinheira de Porco Preto Pingo Doce ,0.15,KG,1.49,9.93,€
4184,2023-05-12 15:29:39,peixaria, Painho Alentejano Pingo Doce ,0.24,KG,4.99,20.79,€
4185,2023-05-12 15:29:39,peixaria, Fiambre da Perna Super Fatiado El Pozo ,0.12,KG,3.19,26.58,€
4186,2023-05-12 15:29:39,peixaria, Peito de Perú Braseado Fatiado El Pozo ,0.12,KG,3.19,26.58,€
4187,2023-05-12 15:29:39,peixaria, Salsichão Extra El Pozo ,0.07,KG,2.59,37.0,€
4188,2023-05-12 15:29:39,peixaria, Salame Extra El Pozo ,0.07,KG,2.59,37.0,€
4189,2023-05-12 15:29:39,peixaria, Chouriço Extra El Pozo ,0.07,KG,2.59,37.0,€
4190,2023-05-12 15:29:39,peixaria, Presunto Porco Preto Alentejano 100% Bolota Montaraz ,0.05,KG,9.99,199.8,€
4191,2023-05-12 15:29:39,peixaria, Paio do Lombo Bolota 100% Alentejano Montaraz ,0.05,KG,6.89,137.8,€
4192,2023-05-12 15:29:39,peixaria, Toucinho Fumado Seleccionado Nacos Damatta ,0.2,KG,4.15,20.75,€
4193,2023-05-12 15:29:39,peixaria, Morcela de Sangue Tradicional Fumeiro de Arganil ,0.25,KG,1.99,7.96,€
4194,2023-05-12 15:29:39,peixaria, Fuet Extra Pingo Doce ,0.18,KG,2.49,13.83,€
4195,2023-05-12 15:29:39,peixaria, Mortadela de Porco e Vaca Simples Pingo Doce ,0.2,KG,5.69,5.69,€
4196,2023-05-12 15:29:39,peixaria, Salsichas com Ervas Finas Churrasco Vácuo Nobre ,0.2,KG,2.99,14.95,€
4197,2023-05-12 15:29:39,peixaria, Salsichas Tipo Brasileiras Churrasco Vácuo Nobre ,0.2,KG,2.99,14.95,€
4198,2023-05-12 15:29:39,peixaria, Salsichas de Peru Churrasco Vácuo Nobre ,0.2,KG,2.99,14.95,€
4199,2023-05-12 15:29:39,peixaria, Salsichas Clássicas Churrasco Vácuo Nobre ,0.2,KG,2.99,14.95,€
4200,2023-05-12 15:29:39,peixaria, Alheira de Mirandela Pingo Doce ,0.2,KG,1.49,7.45,€
4201,2023-05-12 15:29:39,peixaria, Presunto Sabor Português Damatta ,0.07,KG,2.79,39.86,€
4202,2023-05-12 15:29:39,peixaria, Alheira Mirandela IGP Terra V Leste EuroFumeiro ,1.0,KG,11.05,11.05,€
4203,2023-05-12 15:29:39,peixaria, Moira de Lamego Pingo Doce ,0.2,KG,1.85,9.25,€
4204,2023-05-12 15:29:39,peixaria, Chouriço Tradicional Fumeiros da Guarda ,0.2,KG,2.99,14.95,€
4205,2023-05-12 15:29:39,peixaria, Presunto Serrano Duroc Fatiado Pingo Doce ,0.12,KG,2.89,24.08,€
4206,2023-05-12 15:29:39,peixaria, Salmão Fumado da Noruega Pingo Doce ,0.2,KG,6.49,32.45,€
4207,2023-05-12 15:29:39,peixaria, Salmão Fumado da Noruega Pingo Doce ,0.1,KG,3.69,36.9,€
4208,2023-05-12 15:29:39,peixaria, Fiambre da Pá Fatiado Pingo Doce ,0.2,KG,1.59,7.95,€
4209,2023-05-12 15:29:39,peixaria, Fiambre da Perna Fatiado Porminho ,0.1,KG,1.55,15.5,€
4210,2023-05-12 15:29:39,peixaria, Alheira de Carne Extra de Trás-os-Montes Pingo Doce ,0.2,KG,1.49,7.45,€
4211,2023-05-12 15:29:39,peixaria, Bacon Extra Fatiado Porminho ,0.15,KG,3.15,21.0,€
4212,2023-05-12 15:29:39,peixaria, Chouriço de Carne Corrente em Saco Porminho ,0.8,KG,7.59,9.49,€
4213,2023-05-12 15:29:39,peixaria, Chouriço de Carne Corrente Porminho ,0.2,KG,1.99,9.95,€
4214,2023-05-12 15:29:39,peixaria, Presunto Serrano 9M Fatiado Pingo Doce ,0.2,KG,19.29,19.29,€
4215,2023-05-12 15:29:39,peixaria, Chouriço Rodelas Porminho ,0.15,KG,2.69,17.93,€
4216,2023-05-12 15:29:39,peixaria, Linguiça Rodelas Porminho ,0.15,KG,2.55,17.0,€
4217,2023-05-12 15:29:39,peixaria, Pepperoni Rodelas Porminho ,0.15,KG,3.69,24.6,€
4218,2023-05-12 15:29:39,peixaria, Fiambre da Perna Extra Fatiado Porminho ,0.15,KG,2.39,15.93,€
4219,2023-05-12 15:29:39,peixaria, Fiambre da Perna Extra Fatias Finas Pingo Doce ,0.225,KG,1.99,8.84,€
4220,2023-05-12 15:29:39,peixaria, Fiambre da Perna Extra Fatiado Pingo Doce ,0.2,KG,1.99,9.95,€
4221,2023-05-12 15:29:39,peixaria, Presunto Cura Natural Mestre Estevão ,0.08,KG,3.15,39.38,€
4222,2023-05-12 15:29:39,peixaria, Morcela Regional Terras do Demo ,0.25,KG,1.99,7.96,€
4223,2023-05-12 15:29:39,peixaria, Peito de Peru Campofrio ,0.2,KG,16.99,16.99,€
4224,2023-05-12 15:29:39,peixaria, Nacos de Bacon Fumeiro Terras do Demo ,0.2,KG,3.15,15.75,€
4225,2023-05-12 15:29:39,peixaria, Alheira com Queijo Terras do Demo ,0.2,KG,2.89,14.45,€
4226,2023-05-12 15:29:39,peixaria, Alheira com Cogumelos Shiitake Terras do Demo ,0.2,KG,2.89,14.45,€
4227,2023-05-12 15:29:39,peixaria, Chourição Serrano Terras do Demo ,0.3,KG,3.75,12.5,€
4228,2023-05-12 15:29:39,peixaria, Mortadela de Peru com Azeitonas Campofrio ,0.2,KG,8.99,8.99,€
4229,2023-05-12 15:29:39,peixaria, Mortadela de Peru Campofrio ,0.2,KG,8.99,8.99,€
4230,2023-05-12 15:29:39,peixaria, Pernil Fumado Stec ,1.15,KG,6.59,6.59,€
4231,2023-05-12 15:29:39,peixaria, Cabeça de Porco sem Osso Fumada Stec ,0.95,KG,6.59,6.59,€
4232,2023-05-12 15:29:39,peixaria, Fiambre da Perna Extra Nobre ,0.2,KG,17.99,17.99,€
4233,2023-05-12 15:29:39,peixaria, Presunto de Porco Preto 24M Fatiado Iguarias Pingo Doce ,0.07,KG,4.59,65.57,€
4234,2023-05-12 15:29:39,peixaria, Paio do Lombo de Porco Preto Fatiado Iguarias Pingo Doce ,0.07,KG,4.49,64.14,€
4235,2023-05-12 15:29:39,peixaria, Copita de Porco Preto Fatiado Iguarias Pingo Doce ,0.07,KG,3.49,49.86,€
4236,2023-05-12 15:29:39,peixaria, Sortido de Porco Preto Fatiados Iguarias Pingo Doce ,0.08,KG,3.49,43.63,€
4237,2023-05-12 15:29:39,peixaria, Presunto Serrano Gran Reserva FatiadoIguarias Pingo Doce ,0.1,KG,2.29,22.9,€
4238,2023-05-12 15:29:39,peixaria, Peito de Peru Forno de Lenha Campofrio ,0.2,KG,20.99,20.99,€
4239,2023-05-12 15:29:39,peixaria, Presunto Serrano 9M Fatiado Pingo Doce ,0.2,KG,2.99,14.95,€
4240,2023-05-12 15:29:39,peixaria, Painho de Porco Preto Alentejano Pingo Doce ,0.08,KG,2.79,34.88,€
4241,2023-05-12 15:29:39,peixaria, Alheira de Peru Casa da Prisca ,0.18,KG,2.75,15.28,€
4242,2023-05-12 15:29:39,peixaria, Moira Casa da Prisca ,0.18,KG,2.75,15.28,€
4243,2023-05-12 15:29:39,peixaria, Alheira Tradicional Casa da Prisca ,0.18,KG,2.35,13.06,€
4244,2023-05-12 15:29:39,peixaria, Chouriça Tradicional Casa da Prisca ,0.18,KG,3.79,21.06,€
4245,2023-05-12 15:29:39,peixaria, Alheira de Caça Casa da Prisca ,0.18,KG,2.75,15.28,€
4246,2023-05-12 15:29:39,peixaria, Alheira Tradicional sem Glúten Prisca ,0.18,KG,2.89,16.06,€
4247,2023-05-12 15:29:39,peixaria, Entremeada Salgada Casa da Prisca ,0.15,KG,3.79,25.27,€
4248,2023-05-12 15:29:39,peixaria, Salpicão Tradicional Casa da Prisca ,0.2,KG,5.09,25.45,€
4249,2023-05-12 15:29:39,peixaria, Barriga Fumada Casa da Prisca ,0.15,KG,3.85,25.67,€
4250,2023-05-12 15:29:39,peixaria, Alheira Tradicional Forno a Lenha Casa da Prisca ,0.18,KG,2.55,14.17,€
4251,2023-05-12 15:29:39,peixaria, Salsichão Montanhês El Pozo ,0.2,KG,20.95,20.95,€
4252,2023-05-12 15:29:39,peixaria, Fiambre de Peito de Frango Campofrio ,0.2,KG,16.99,16.99,€
4253,2023-05-12 15:29:39,peixaria, Salsicha Churrasco Carne Sorraia ,4.0,UN,2.89,0.72,€
4254,2023-05-12 15:29:39,peixaria, Tiras de Bacon Marion ,0.13,KG,2.25,17.31,€
4255,2023-05-12 15:29:39,peixaria, Paio do Lombo Beira Alta Pingo Doce ,0.34,KG,6.49,19.09,€
4256,2023-05-12 15:29:39,peixaria, Bacon sem Courato Metade Porminho ,0.2,KG,14.99,14.99,€
4257,2023-05-12 15:29:39,peixaria, Presunto Tapas 9M Fatiado Lourenço ,0.25,KG,4.69,18.76,€
4258,2023-05-12 15:29:39,peixaria, Peito de Perú Bien Star sem Glúten para Fatiar El Pozo ,0.2,KG,16.99,16.99,€
4259,2023-05-12 15:29:39,peixaria, Presunto Serrano Reserva Duroc Artysan ,0.65,KG,18.65,18.65,€
4260,2023-05-12 15:29:39,peixaria, Bacon Fatias Porminho ,0.2,KG,1.89,9.45,€
4261,2023-05-12 15:29:39,peixaria, Bacon sem Courato Naco Primor ,0.2,KG,3.79,18.95,€
4262,2023-05-12 15:29:39,peixaria, Paio do Lombo Pingo Doce ,0.2,KG,12.49,12.49,€
4263,2023-05-12 15:29:39,peixaria, Alheira de Galinha e Pato Eurofumeiro ,0.2,KG,2.29,11.45,€
4264,2023-05-12 15:29:39,peixaria, Farinheira da Beira Alta Seia Pingo Doce ,0.26,KG,1.79,6.88,€
4265,2023-05-12 15:29:39,peixaria, Chouriço Preto da Beira Alta Seia Pingo Doce ,0.29,KG,3.29,11.34,€
4266,2023-05-12 15:29:39,peixaria, Chouriço da Beira Alta Seia Pingo Doce ,0.29,KG,3.99,13.76,€
4267,2023-05-12 15:29:39,peixaria, Chouriço de Porco Preto Varanegra ,0.2,KG,4.59,22.95,€
4268,2023-05-12 15:29:39,peixaria, Chouriço Castelhano Damatta ,0.2,KG,22.49,22.49,€
4269,2023-05-12 15:29:39,peixaria, Chourição Espanhol Pingo Doce ,0.2,KG,18.49,18.49,€
4270,2023-05-12 15:29:39,peixaria, Chouriço de Carne do Minho Ponte de Lima Pingo Doce ,0.22,KG,3.59,16.32,€
4271,2023-05-12 15:29:39,peixaria, Salsicha de Churrasco Frango Carne Sorraia ,4.0,UN,4.49,1.12,€
4272,2023-05-12 15:29:39,peixaria, Paio do Lombo para Fatiar Nobre ,0.2,KG,22.99,22.99,€
4273,2023-05-12 15:29:39,peixaria, Salame Fatiado Porminho ,0.08,KG,1.49,18.63,€
4274,2023-05-12 15:29:39,peixaria, Fiambre da Perna Extra Fumado Pingo Doce ,0.2,KG,12.99,12.99,€
4275,2023-05-12 15:29:39,peixaria, Chouriço de Carne Sel ,0.25,KG,3.95,15.8,€
4276,2023-05-12 15:29:39,peixaria, Farinheira Sel ,0.15,KG,1.89,12.6,€
4277,2023-05-12 15:29:39,peixaria, Morcela Sel ,0.25,KG,3.39,13.56,€
4278,2023-05-12 15:29:39,peixaria, Fiambre da Perna Extra Fumado Fatiado Pingo Doce ,0.2,KG,2.89,14.45,€
4279,2023-05-12 15:29:39,peixaria, Fiambre da Perna Extra Pingo Doce ,0.2,KG,12.99,12.99,€
4280,2023-05-12 15:29:39,peixaria, Presunto Fatiado Tapa Lourenço ,0.06,KG,1.65,27.5,€
4281,2023-05-12 15:29:39,peixaria, Morcela Beira Baixa Fundão para Assar Pingo Doce ,0.22,KG,2.19,9.95,€
4282,2023-05-12 15:29:39,peixaria, Bacon Extra Fumado Fatias Pingo Doce ,0.2,KG,2.59,12.95,€
4283,2023-05-12 15:29:39,peixaria, Bacon Fumado Naco Espina ,0.3,KG,3.15,10.5,€
4284,2023-05-12 15:29:39,peixaria, Fiambre Peito de Frango Primor ,0.2,KG,11.69,11.69,€
4285,2023-05-12 15:29:39,peixaria, Chouriço de Carne de Porco Preto Miguel & Miguel ,0.2,KG,2.99,14.95,€
4286,2023-05-12 15:29:39,peixaria, Chouriço Extra Damatta ,0.2,KG,3.99,19.95,€
4287,2023-05-12 15:29:39,peixaria, Farinheira da Beira Baixa Fundão Pingo Doce ,0.25,KG,1.99,7.96,€
4288,2023-05-12 15:29:39,peixaria, Chouriço da Beira Baixa Fundão Pingo Doce ,0.25,KG,2.84,11.36,€
4289,2023-05-12 15:29:39,peixaria, Chouriço Mouro da Beira Baixa Fundão Pingo Doce ,0.25,KG,2.39,9.56,€
4290,2023-05-12 15:29:39,peixaria, Paio da Beira Baixa Fundão Pingo Doce ,0.3,KG,4.49,14.97,€
4291,2023-05-12 15:29:39,peixaria, Fiambre da Perna Extra Negrini ,0.12,KG,3.59,29.92,€
4292,2023-05-12 15:29:39,peixaria, Presunto Natural 14 Meses de Cura Fatiado Arroyo ,0.15,KG,3.89,25.93,€
4293,2023-05-12 15:29:39,peixaria, Salame Milano Fatiado Gianni Negrini ,0.08,KG,3.29,41.13,€
4294,2023-05-12 15:29:39,peixaria, Paínho de Porco Preto do Alentejo Pingo Doce ,0.3,KG,6.89,22.97,€
4295,2023-05-12 15:29:39,peixaria, Alheira de Mirandela Eurofumeiro ,0.2,KG,2.19,10.95,€
4296,2023-05-12 15:29:39,peixaria, Toucinho Fumado Damatta ,0.2,KG,18.69,18.69,€
4297,2023-05-12 15:29:39,peixaria, Cubos de Presunto Jamones Arroyo ,0.12,KG,2.45,20.42,€
4298,2023-05-12 15:29:39,peixaria, Chourição Inteiro Pingo Doce ,0.2,KG,10.99,10.99,€
4299,2023-05-12 15:29:39,peixaria, Fiambre da Perna Extra Fatias Finas Izidoro ,0.12,KG,2.59,21.58,€
4300,2023-05-12 15:29:39,peixaria, Chourição Extra Porminho Fatiado ,0.08,KG,1.49,18.63,€
4301,2023-05-12 15:29:39,peixaria, Coppa Italiana Negrini ,0.08,KG,3.65,45.63,€
4302,2023-05-12 15:29:39,peixaria, Presunto Negrini ,0.08,KG,3.55,44.38,€
4303,2023-05-12 15:29:39,peixaria, Farinheira da Beira Litoral Arganil Pingo Doce ,0.23,KG,1.89,8.22,€
4304,2023-05-12 15:29:39,peixaria, Morcela Beira Litoral Arganil Pingo Doce ,0.3,KG,2.39,7.97,€
4305,2023-05-12 15:29:39,peixaria, Salpicão da Beira Litoral Arganil Pingo Doce ,0.39,KG,4.99,12.79,€
4306,2023-05-12 15:29:39,peixaria, Chouriço da Beira Litoral Arganil Pingo Doce ,0.3,KG,4.39,14.63,€
4307,2023-05-12 15:29:39,peixaria, Chouriço Nobreza Qualidade Extra El Pozo ,0.2,KG,20.95,20.95,€
4308,2023-05-12 15:29:39,peixaria, Mini Tiras de Bacon Fumado Marion ,0.12,KG,2.25,18.75,€
4309,2023-05-12 15:29:39,peixaria, Presunto Grande Reserva 16 M Fatiado Duroc Artysán ,0.1,KG,3.35,33.5,€
4310,2023-05-12 15:29:39,peixaria, Presunto Reserva Fatiado 12 M Duroc Artysán ,0.12,KG,3.25,27.08,€
4311,2023-05-12 15:29:39,peixaria, Peito de Perú Fumado El Pozo ,0.2,KG,16.99,16.99,€
4312,2023-05-12 15:29:39,peixaria, Alheira de Caça Terras do Vento Leste ,0.2,KG,2.55,12.75,€
4313,2023-05-12 15:29:39,peixaria, Fiambre da Perna Extra Fatias Finas Pingo Doce ,0.15,KG,1.49,9.93,€
4314,2023-05-12 15:29:39,peixaria, Chouriça de Assar Terras do Demo ,0.2,KG,2.25,11.25,€
4315,2023-05-12 15:29:39,peixaria, Paio York para Fatiar Pingo Doce ,0.2,KG,13.49,13.49,€
4316,2023-05-12 15:29:39,peixaria, Fios de Bacon Primor Chef ,0.1,KG,2.25,22.5,€
4317,2023-05-12 15:29:39,peixaria, Lombo de Porco Duroc Fatiado Artysan ,0.1,KG,3.35,33.5,€
4318,2023-05-12 15:29:39,peixaria, Cachaço de Porco Fatiado Duroc Artysan ,0.1,KG,2.99,29.9,€
4319,2023-05-12 15:29:39,peixaria, Peito de Peru Quadrado Primor ,0.2,KG,12.49,12.49,€
4320,2023-05-12 15:29:39,peixaria, Lombo de Porco Duroc Tapas Artysan ,0.1,KG,3.99,39.9,€
4321,2023-05-12 15:29:39,peixaria, Chouriço Extra Tapas Artysan ,0.1,KG,3.99,39.9,€
4322,2023-05-12 15:29:39,peixaria, Presunto Tapas Serra da Gardunha Reserva Artysan ,0.1,KG,4.19,41.9,€
4323,2023-05-12 15:29:39,peixaria, Mortadela de Peru com Azeitonas El Pozo ,0.2,KG,9.99,9.99,€
4324,2023-05-12 15:29:39,peixaria, Salsicha para Churrasco Picante Pingo Doce ,0.25,KG,1.99,7.96,€
4325,2023-05-12 15:29:39,peixaria, Salsicha para Churrasco Pingo Doce ,0.25,KG,1.99,7.96,€
4326,2023-05-12 15:29:39,peixaria, Presunto Fatiado do Fundão 5M S. Gardunha ,0.2,KG,3.25,16.25,€
4327,2023-05-12 15:29:39,peixaria, Presunto Serrano 14M Gourmet Premium Jamones Arroyo ,0.15,KG,3.69,24.6,€
4328,2023-05-12 15:29:39,peixaria, Chourição Porminho ,0.2,KG,10.49,10.49,€
4329,2023-05-12 15:29:39,peixaria, Paio York Fatiado Porminho ,0.15,KG,2.59,17.27,€
4330,2023-05-12 15:29:39,peixaria, Bacon Cubos Porminho ,0.15,KG,2.99,19.93,€
4331,2023-05-12 15:29:39,peixaria, Bacon Extra Fumado Naco Pingo Doce ,0.25,KG,3.29,13.16,€
4332,2023-05-12 15:29:39,peixaria, Presunto Serrano 12M Jamones Arroyo ,0.18,KG,3.99,22.17,€
4333,2023-05-12 15:29:39,peixaria, Presunto 9M Pedaço Lourenço ,0.45,KG,7.69,17.09,€
4334,2023-05-12 15:29:39,peixaria, Fiambre de Peito de Frango Monells ,0.15,KG,1.89,12.6,€
4335,2023-05-12 15:29:39,peixaria, Fiambre de Peito de Peru Monells ,0.15,KG,1.89,12.6,€
4336,2023-05-12 15:29:39,peixaria, Chouriço Corrente Stec ,0.4,KG,3.49,8.73,€
4337,2023-05-12 15:29:39,peixaria, Salame Fatiado Pingo Doce ,0.2,KG,1.99,9.95,€
4338,2023-05-12 15:29:39,peixaria, Fiambre Fatiado Porminho ,0.2,KG,1.25,6.25,€
4339,2023-05-12 15:29:39,peixaria, Chouriço de Vinho Stec ,0.2,KG,2.19,10.95,€
4340,2023-05-12 15:45:36,peixaria, Wrap de Cereais com sementes Koala ,0.32,KG,2.19,6.84,€
4341,2023-05-12 15:45:36,padaria_pastelaria, Pão Ralado Rialto ,0.24,KG,0.59,2.46,€
4342,2023-05-12 15:45:36,padaria_pastelaria, Pão Ralado Pingo Doce ,0.24,KG,0.52,2.17,€
4344,2023-05-12 15:45:36,padaria_pastelaria, Pão Ralado Alho e Salsa Rialto ,0.24,KG,0.79,3.29,€
4345,2023-05-12 15:45:36,padaria_pastelaria, Bolachas Húngaras com Chocolate ,0.25,KG,1.79,7.16,€
4346,2023-05-12 15:45:36,padaria_pastelaria, Lagartos Pingo Doce ,0.3,KG,1.49,4.97,€
4347,2023-05-12 15:45:36,padaria_pastelaria, Talecas de Amêndoa Carlydoce ,0.25,KG,2.79,11.16,€
4348,2023-05-12 15:45:36,padaria_pastelaria, Semifrio de Morango com Pedaços ,0.6,KG,5.99,9.98,€
4349,2023-05-12 15:45:36,padaria_pastelaria, Macarons Coloridos ,10.0,UN,3.59,0.36,€
4350,2023-05-12 15:45:36,padaria_pastelaria, Salame de Chocolate com Amêndoas Pingo Doce ,0.45,KG,2.99,6.64,€
4351,2023-05-12 15:45:36,padaria_pastelaria, Preciosas Pingo Doce ,0.3,KG,1.79,5.97,€
4352,2023-05-12 15:45:36,padaria_pastelaria, Línguas de Gato Pingo Doce ,0.32,KG,1.49,4.66,€
4353,2023-05-12 15:45:36,padaria_pastelaria, Cheesecake de Frutos Vermelhos ,0.7,KG,8.99,12.84,€
4354,2023-05-12 15:45:36,padaria_pastelaria, Muffin de Oreo ,0.08,KG,0.99,12.38,€
4355,2023-05-12 15:45:36,padaria_pastelaria, Muffin de Milka ,0.075,KG,0.99,13.2,€
4356,2023-05-12 15:45:36,padaria_pastelaria, Queijinhos de Amêndoa com Ovos Moles ,0.12,KG,3.49,29.08,€
4357,2023-05-12 15:45:36,padaria_pastelaria, Trouxas ,0.3,KG,2.99,9.97,€
4358,2023-05-12 15:45:36,padaria_pastelaria, Churritos com Chocolate Pingo Doce ,0.28,KG,1.99,7.11,€
4359,2023-05-12 15:45:36,padaria_pastelaria, Bola de Berlim com Creme ,0.11,KG,0.79,7.18,€
4360,2023-05-12 15:45:36,padaria_pastelaria, Bolachas Húngaras ,0.25,KG,1.79,7.16,€
4361,2023-05-12 15:45:36,padaria_pastelaria, Muffin de Chocolate sem Glúten ,0.24,KG,3.89,16.21,€
4362,2023-05-12 15:45:36,padaria_pastelaria, Bolachas Estrela ,0.3,KG,1.19,3.97,€
4363,2023-05-12 15:45:36,padaria_pastelaria, Sortido Húngaro ,0.25,KG,1.89,7.56,€
4364,2023-05-12 15:45:36,padaria_pastelaria, Suspiros ,0.09,KG,1.99,22.11,€
4365,2023-05-12 15:45:36,padaria_pastelaria, Janelas de Chocolate ,0.25,KG,2.39,9.56,€
4366,2023-05-12 15:45:36,padaria_pastelaria, Manteigados ,0.25,KG,2.79,11.16,€
4367,2023-05-12 15:45:36,padaria_pastelaria, Salame de Chocolate Fatiado Avó Filó ,0.06,KG,0.79,13.17,€
4368,2023-05-12 15:45:36,padaria_pastelaria, Areias de Manteiga Biscoitos da Aldeia ,0.3,KG,2.19,7.3,€
4369,2023-05-12 15:45:36,padaria_pastelaria, Línguas de Veado ,0.25,KG,1.99,7.96,€
4370,2023-05-12 15:45:36,padaria_pastelaria, Biscoitos Esses ,0.3,KG,1.35,4.5,€
4371,2023-05-12 15:45:36,padaria_pastelaria, Empanadilha de Carne ,0.115,KG,1.12,9.74,€
4372,2023-05-12 15:45:36,padaria_pastelaria, Guardanapo ,0.1,KG,0.79,7.9,€
4373,2023-05-12 15:45:36,padaria_pastelaria, Bolinhos de Amendoim ,0.2,KG,2.59,12.95,€
4374,2023-05-12 15:45:36,padaria_pastelaria, Beijinhos de Pombal ,0.09,KG,2.7,30.0,€
4375,2023-05-12 15:45:36,padaria_pastelaria, Muffin Triplo Chocolate Pingo Doce ,0.32,KG,2.79,8.72,€
4376,2023-05-12 15:45:36,padaria_pastelaria, Muffin Limão e Sementes de Papoila Pingo Doce ,0.32,KG,2.79,8.72,€
4377,2023-05-12 15:45:36,padaria_pastelaria, Bolo de Arroz ,0.06,KG,0.59,9.83,€
4378,2023-05-12 15:45:36,padaria_pastelaria, Pão de Hambúrguer Brioche ,0.24,KG,1.69,7.04,€
4379,2023-05-12 15:45:36,padaria_pastelaria, Pudim de Ovos ,0.8,KG,5.99,7.49,€
4380,2023-05-12 15:45:36,padaria_pastelaria, Mil Folhas ,0.1,KG,1.05,10.5,€
4381,2023-05-12 15:45:36,padaria_pastelaria, Croissant Português Pingo Doce ,0.08,KG,0.99,12.38,€
4382,2023-05-12 15:45:36,padaria_pastelaria, Bolo de Arroz sem Glúten Museu do Pão ,0.225,KG,3.89,17.29,€
4383,2023-05-12 15:45:36,padaria_pastelaria, Salame de Chocolate Pingo Doce ,0.45,KG,2.59,5.76,€
4384,2023-05-12 15:45:36,padaria_pastelaria, Queques de Laranja ,0.25,KG,2.59,10.36,€
4385,2023-05-12 15:45:36,padaria_pastelaria, Merenda de Queijo Vaca que Ri ,1.0,UN,0.99,0.99,€
4386,2023-05-12 15:45:36,padaria_pastelaria, Lagartos ,0.75,KG,2.79,3.72,€
4387,2023-05-12 15:45:36,padaria_pastelaria, Pastel de Feijão ,0.17,KG,2.49,14.65,€
4388,2023-05-12 15:45:36,padaria_pastelaria, Bolo de Mel de Cana ,0.5,KG,6.59,13.18,€
4389,2023-05-12 15:45:36,padaria_pastelaria, Esquecidos ,0.24,KG,2.49,10.38,€
4390,2023-05-12 15:45:36,padaria_pastelaria, Cocos ,0.18,KG,1.49,8.28,€
4391,2023-05-12 15:45:36,padaria_pastelaria, Cocos com Cobertura de Chocolate ,0.205,KG,1.49,7.27,€
4392,2023-05-12 15:45:36,padaria_pastelaria, Bolo BomBom ,0.9,KG,10.99,12.21,€
4393,2023-05-12 15:45:36,padaria_pastelaria, Manteiguinhas ,0.25,KG,1.25,5.0,€
4394,2023-05-12 15:45:36,padaria_pastelaria, Copinhos de Feijão ,0.36,KG,3.79,10.53,€
4395,2023-05-12 15:45:36,padaria_pastelaria, Biscoitos de Chá ,0.23,KG,1.49,6.48,€
4396,2023-05-12 15:45:36,padaria_pastelaria, Bretzel de Amêndoa ,0.13,KG,1.15,8.85,€
4397,2023-05-12 15:45:36,padaria_pastelaria, Mini Cenoura Pingo Doce ,0.3,KG,1.79,5.97,€
4398,2023-05-12 15:45:36,padaria_pastelaria, Mini Amêndoa Pingo Doce ,0.28,KG,1.69,6.04,€
4399,2023-05-12 15:45:36,padaria_pastelaria, Bolo de Gomas ,0.7,KG,9.99,14.27,€
4400,2023-05-12 15:45:36,padaria_pastelaria, Arrepiados de Amêndoa ,0.225,KG,2.99,13.29,€
4401,2023-05-12 15:45:36,padaria_pastelaria, Fios de Ovos ,0.1,KG,3.29,32.9,€
4402,2023-05-12 15:45:36,padaria_pastelaria, Bolo de Bolacha ,0.7,KG,7.99,11.41,€
4403,2023-05-12 15:45:36,padaria_pastelaria, Bolo de Gema ,0.25,KG,2.89,11.56,€
4404,2023-05-12 15:45:36,padaria_pastelaria, Pão de Ló Húmido ,0.5,KG,5.99,11.98,€
4405,2023-05-12 15:45:36,padaria_pastelaria, Pão de Ló Húmido de Chocolate ,0.5,KG,6.99,13.98,€
4406,2023-05-12 15:45:36,padaria_pastelaria, Bolo Inglês ,0.6,KG,3.99,6.65,€
4407,2023-05-12 15:45:36,padaria_pastelaria, Tarte de Natas Frescas ,0.5,KG,7.39,14.78,€
4408,2023-05-12 15:45:36,padaria_pastelaria, Ferradura de Chocolate ,0.115,KG,1.15,10.0,€
4409,2023-05-12 15:45:36,padaria_pastelaria, Tarte de Coco ,0.4,KG,6.59,6.59,€
4410,2023-05-12 15:45:36,padaria_pastelaria, Pão de Hamburguer Brioche Maxi Bimbo ,0.3,KG,2.39,7.97,€
4411,2023-05-12 15:45:36,padaria_pastelaria, Pão de Ló Mármore ,0.4,KG,3.99,9.98,€
4412,2023-05-12 15:45:36,padaria_pastelaria, Torta de Ovo ,0.35,KG,3.99,11.4,€
4413,2023-05-12 15:45:36,padaria_pastelaria, Ovos Moles de Aveiro Fabridoce ,0.15,KG,3.49,23.27,€
4414,2023-05-12 15:45:36,padaria_pastelaria, Cacete Galego (250 g) ,0.25,KG,0.61,2.44,€
4416,2023-05-12 15:45:36,padaria_pastelaria, Enfarinhados ,0.03,KG,0.15,5.0,€
4417,2023-05-12 15:45:36,padaria_pastelaria, Pão de Rio Maior (450 g) ,0.45,KG,1.12,2.49,€
4418,2023-05-12 15:45:36,padaria_pastelaria, Pão Preto da Westfalia Mestemacher ,0.25,KG,1.78,7.12,€
4419,2023-05-12 15:45:36,padaria_pastelaria, Pão Fitness Mestemacher ,0.5,KG,1.59,3.18,€
4422,2023-05-12 15:45:36,padaria_pastelaria, Pão de Forma Integral sem Côdea Pingo Doce ,0.45,KG,1.46,3.24,€
4423,2023-05-12 15:45:36,padaria_pastelaria, Pão de Mistura de Cereais Mestemacher ,0.5,KG,1.59,3.18,€
4424,2023-05-12 15:45:36,padaria_pastelaria, Pão de sementes Girassol Mestemacher ,0.5,KG,1.59,3.18,€
4425,2023-05-12 15:45:36,padaria_pastelaria, Pão 8 Cereais (90 g) ,0.09,KG,0.28,3.11,€
4426,2023-05-12 15:45:36,padaria_pastelaria, Pão de Mistura Trigo e Centeio Grande ,0.5,KG,0.93,1.86,€
4427,2023-05-12 15:45:36,padaria_pastelaria, Baguete Francesa ,0.2,KG,0.46,2.3,€
4428,2023-05-12 15:45:36,padaria_pastelaria, Papo Seco (60 g) ,0.06,KG,0.13,2.17,€
4429,2023-05-12 15:45:36,padaria_pastelaria, Pão com Chouriço ,0.12,KG,0.93,7.75,€
4430,2023-05-12 15:45:36,padaria_pastelaria, Pão com Chouriço e Queijo ,0.135,KG,1.08,8.0,€
4431,2023-05-12 15:45:36,padaria_pastelaria, Pão de Abóbora Nozes e Sultanas ,0.08,KG,0.46,5.75,€
4432,2023-05-12 15:45:36,padaria_pastelaria, Pão de Forma Sporty Go Active Pingo Doce ,0.36,KG,2.16,6.0,€
4433,2023-05-12 15:45:36,padaria_pastelaria, Pão de Malte ,0.075,KG,0.27,3.6,€
4434,2023-05-12 15:45:36,padaria_pastelaria, Pão de Forma Integral Extra Suave ,0.55,KG,2.25,4.09,€
4435,2023-05-12 15:45:36,padaria_pastelaria, Pão Multigrãos do Museu ,0.45,KG,1.59,3.53,€
4436,2023-05-12 15:45:36,padaria_pastelaria, Pão de Forma Branco Pingo Doce ,0.6,KG,0.93,1.55,€
4437,2023-05-12 15:45:36,padaria_pastelaria, Pão Carcaça Bijou (45 g) ,0.045,KG,0.1,2.22,€
4438,2023-05-12 15:45:36,padaria_pastelaria, Pão Alemão de Proteínas Mestemacher ,0.25,KG,2.12,8.48,€
4439,2023-05-12 15:45:36,padaria_pastelaria, Pão de Cereais The Rustik Bakery Bimbo ,0.45,KG,2.25,5.0,€
4440,2023-05-12 15:45:36,padaria_pastelaria, Pão Branco The Rustik Bakery Bimbo ,0.45,KG,2.25,5.0,€
4442,2023-05-12 15:45:36,padaria_pastelaria, Preparado para Pão sem Glúten Schär ,1.0,KG,5.55,5.55,€
4443,2023-05-12 15:45:36,padaria_pastelaria, Pão de Forma sem Côdea Pingo Doce ,0.45,KG,1.4,3.11,€
4444,2023-05-12 15:45:36,padaria_pastelaria, Pão Hot Dog Maxi Bimbo ,0.32,KG,1.87,5.84,€
4445,2023-05-12 15:45:36,padaria_pastelaria, Broa de Milho ,0.55,KG,2.04,2.04,€
4446,2023-05-12 15:45:36,padaria_pastelaria, Mini Palmiers ,0.2,KG,1.59,7.95,€
4447,2023-05-12 15:45:36,padaria_pastelaria, Pão de Forma 12 Cereais Pingo Doce ,0.6,KG,1.4,2.33,€
4448,2023-05-12 15:45:36,padaria_pastelaria, Pão Pita Vegan Pangudi ,0.4,KG,2.06,5.15,€
4449,2023-05-12 15:45:36,padaria_pastelaria, Pão de Mistura Trigo e Centeio Pequeno ,0.1,KG,0.19,1.9,€
4450,2023-05-12 15:45:36,padaria_pastelaria, Pão sem Sal ,0.045,KG,0.16,3.56,€
4451,2023-05-12 15:45:36,padaria_pastelaria, Pão da Avó Pequeno (1 saco = 3 a 5 pães) ,0.46,KG,2.53,2.53,€
4452,2023-05-12 15:45:36,padaria_pastelaria, Pão Padas ,0.075,KG,0.19,2.53,€
4453,2023-05-12 15:45:36,padaria_pastelaria, Pão Enriquecido em Fibra ,0.07,KG,0.38,5.43,€
4454,2023-05-12 15:45:36,padaria_pastelaria, Pão Saloio ,0.5,KG,1.16,2.32,€
4455,2023-05-12 15:45:36,padaria_pastelaria, Pão 8 Cereais Embalado ,0.4,KG,1.21,3.03,€
4456,2023-05-12 15:45:36,padaria_pastelaria, Carcaça da Aldeia ,0.07,KG,0.19,2.71,€
4457,2023-05-12 15:45:36,padaria_pastelaria, Pão Brasileiro (100 g) ,0.1,KG,0.18,1.8,€
4458,2023-05-12 15:45:36,padaria_pastelaria, Pão Trigo Saloio ,0.45,KG,1.4,3.11,€
4459,2023-05-12 15:45:36,padaria_pastelaria, Pão Integral ,0.09,KG,0.19,2.11,€
4460,2023-05-12 15:45:36,padaria_pastelaria, Pão de Centeio e Alfarroba ,0.06,KG,0.23,3.83,€
4461,2023-05-12 15:45:36,padaria_pastelaria, Pão de Forma Escuro sem Glúten ,0.3,KG,4.23,14.1,€
4462,2023-05-12 15:45:36,padaria_pastelaria, Pão de Forma Branco sem Glúten ,0.3,KG,4.23,14.1,€
4463,2023-05-12 15:45:36,padaria_pastelaria, Pão de Forma 5 sementes sem Glúten ,0.3,KG,4.23,14.1,€
4464,2023-05-12 15:45:36,padaria_pastelaria, Pão Pré Cozido Forno de Lenha ,0.6,KG,1.4,2.33,€
4465,2023-05-12 15:45:36,padaria_pastelaria, Pão de Milho e Girassol ,0.08,KG,0.41,5.13,€
4466,2023-05-12 15:45:36,padaria_pastelaria, Pão de Forma Proteíco ,0.4,KG,2.34,5.85,€
4467,2023-05-12 15:45:36,padaria_pastelaria, Pão de Forma Branco sem Côdea Panrico ,0.65,KG,3.1,4.77,€
4468,2023-05-12 15:45:36,padaria_pastelaria, Pão Hot Dog Panrico ,0.22,KG,1.21,5.5,€
4469,2023-05-12 15:45:36,padaria_pastelaria, Pão de Hambúrguer Panrico ,0.2,KG,1.21,6.05,€
4470,2023-05-12 15:45:36,padaria_pastelaria, Merenda de Chocolate ,0.08,KG,0.79,9.88,€
4471,2023-05-12 15:45:36,padaria_pastelaria, Torta de Laranja ,0.5,KG,6.15,12.3,€
4472,2023-05-12 15:45:36,padaria_pastelaria, Broas de Mel e Canela ,0.3,KG,2.49,8.3,€
4473,2023-05-12 15:45:36,padaria_pastelaria, Lanche ,0.085,KG,0.99,11.65,€
4474,2023-05-12 15:45:36,padaria_pastelaria, Creme de Ovos Moles Fabridoce ,0.125,KG,2.39,19.12,€
4475,2023-05-12 15:45:36,padaria_pastelaria, Croissant Folhado ,0.042,KG,0.39,9.29,€
4476,2023-05-12 15:45:36,padaria_pastelaria, Pão de Deus Estaladinho ,0.06,KG,0.89,14.83,€
4477,2023-05-12 15:45:36,padaria_pastelaria, Croissant com Chocolate ,0.1,KG,0.85,8.5,€
4478,2023-05-12 15:45:36,padaria_pastelaria, Pão de Queijo ,0.02,KG,0.16,8.0,€
4479,2023-05-12 15:45:36,padaria_pastelaria, Croissant com Creme ,0.1,KG,0.85,8.5,€
4480,2023-05-12 15:45:36,padaria_pastelaria, Croissant com sementes ,0.08,KG,0.69,8.63,€
4481,2023-05-12 15:45:36,padaria_pastelaria, Lajes de Amêndoa ,0.2,KG,3.49,17.45,€
4482,2023-05-12 15:45:36,padaria_pastelaria, Pão de Forma Clássico sem Glúten Schär ,0.3,KG,3.48,11.6,€
4483,2023-05-12 15:45:36,padaria_pastelaria, Tortilhas Pocket Old El Paso ,0.223,KG,3.99,17.89,€
4484,2023-05-12 15:45:36,padaria_pastelaria, Tortilhas de Trigo Integral Old El Paso ,0.35,KG,3.29,9.4,€
4485,2023-05-12 15:45:36,padaria_pastelaria, Pão Doce sem Glúten Bon Matin Schär ,0.2,KG,3.33,16.65,€
4486,2023-05-12 15:45:36,padaria_pastelaria, Pão de Forma Vital sem Glúten Schär ,0.35,KG,4.47,12.77,€
4487,2023-05-12 15:45:36,padaria_pastelaria, Wraps sem Glúten Schär ,0.16,KG,4.42,27.63,€
4488,2023-05-12 15:45:36,padaria_pastelaria, Pão de Forma Cereais sem Glúten Schär ,0.3,KG,3.71,12.37,€
4489,2023-05-12 15:45:36,padaria_pastelaria, Tortilha Mexicana de Milho Old el Paso ,0.565,KG,3.49,10.42,€
4490,2023-05-12 15:45:36,padaria_pastelaria, Tortilhas de Trigo Old El Paso ,0.244,KG,2.29,9.39,€
4491,2023-05-12 15:45:36,padaria_pastelaria, Pão Ciabattine sem Glúten Schär ,0.2,KG,3.71,18.55,€
4492,2023-05-12 15:45:36,padaria_pastelaria, Pão de Forma Rústico sem Açúcar Panrico ,0.375,KG,2.16,5.76,€
4493,2023-05-12 15:45:36,padaria_pastelaria, Pão de Forma Branco Panrico ,0.5,KG,1.97,3.94,€
4494,2023-05-12 15:45:36,padaria_pastelaria, Pão Branco sem Glúten Schär ,0.25,KG,2.91,11.64,€
4495,2023-05-12 15:45:36,padaria_pastelaria, Pão de Ló Tradicional ,0.6,KG,6.89,11.48,€
4496,2023-05-12 15:45:36,padaria_pastelaria, Bolo Brigadeiro ,0.8,KG,8.49,10.61,€
4497,2023-05-12 15:45:36,padaria_pastelaria, Trouxas de Ovos ,4.0,UN,5.59,1.4,€
4498,2023-05-12 15:45:36,padaria_pastelaria, Queijada de Requeijão ,0.09,KG,0.99,11.0,€
4499,2023-05-12 15:45:36,padaria_pastelaria, Queijada de Nata e Coco ,0.117,KG,0.99,8.46,€
4500,2023-05-12 15:45:36,padaria_pastelaria, Pão de Forma 8 Cereais ,0.35,KG,2.06,5.89,€
4501,2023-05-12 15:45:36,padaria_pastelaria, Tarte Brigadeiro ,0.4,KG,3.99,9.98,€
4502,2023-05-12 15:45:36,padaria_pastelaria, Tigelada ,0.13,KG,1.2,9.23,€
4503,2023-05-12 15:45:36,padaria_pastelaria, Tarte Crumble de Coco ,0.4,KG,3.99,9.98,€
4504,2023-05-12 15:45:36,padaria_pastelaria, Tarte de Chocolate ,0.4,KG,3.99,9.98,€
4505,2023-05-12 15:45:36,padaria_pastelaria, Palmiers Pingo Doce ,0.72,KG,3.98,5.53,€
4506,2023-05-12 15:45:36,padaria_pastelaria, Pão de Centeio Museu do Pão (450 g) ,0.45,KG,1.68,3.73,€
4507,2023-05-12 15:45:36,padaria_pastelaria, Pão de Forma sem Côdea Panrico ,0.45,KG,2.25,5.0,€
4508,2023-05-12 15:45:36,padaria_pastelaria, Pão de Forma Cerealia 5 sementes ,0.435,KG,2.44,5.61,€
4509,2023-05-12 15:45:36,padaria_pastelaria, Pão de Forma 14 Cereais e sementes Cerealia ,0.435,KG,2.44,5.61,€
4510,2023-05-12 15:45:36,padaria_pastelaria, Pão de Forma Panrico ,0.75,KG,2.2,2.93,€
4511,2023-05-12 15:45:36,padaria_pastelaria, Pão de Forma Integral Cerealia Panrico ,0.385,KG,2.44,6.34,€
4512,2023-05-12 15:45:36,padaria_pastelaria, Pão de Forma 100% Centeio Cerealia ,0.385,KG,2.44,6.34,€
4513,2023-05-12 15:45:36,padaria_pastelaria, Pão Mediterrânico Pingo Doce ,0.35,KG,1.68,4.8,€
4514,2023-05-12 15:45:36,padaria_pastelaria, Pão de Forma Shape ,0.36,KG,2.34,6.5,€
4515,2023-05-12 15:45:36,padaria_pastelaria, Bolo Rendondo de Cenoura com Chocolate ,0.5,KG,3.99,7.98,€
4516,2023-05-12 15:45:36,padaria_pastelaria, Merenda Mista ,0.095,KG,0.69,7.26,€
4517,2023-05-12 15:45:36,padaria_pastelaria, Bolo de Laranja Redondo ,0.5,KG,3.99,7.98,€
4518,2023-05-12 15:45:36,padaria_pastelaria, Bolo de Noz Redondo ,0.5,KG,3.99,7.98,€
4519,2023-05-12 15:45:36,padaria_pastelaria, Bolo de Iogurte Redondo ,0.5,KG,3.99,7.98,€
4520,2023-05-12 15:45:36,padaria_pastelaria, Bolo de Chocolate Redondo ,0.5,KG,3.99,7.98,€
4521,2023-05-12 15:45:36,padaria_pastelaria, Pão de Forma com Côdea Cerealia ,0.385,KG,2.44,6.34,€
4522,2023-05-12 15:45:36,padaria_pastelaria, Tortilhas de Trigo 23 cm Old El Paso ,0.35,KG,3.49,9.97,€
4523,2023-05-12 15:45:36,padaria_pastelaria, Tortilha Mini de Trigo Old El Paso ,0.22,KG,2.29,10.41,€
4524,2023-05-12 15:45:36,padaria_pastelaria, Bolo Proibido ,1.0,UN,10.99,10.99,€
4525,2023-05-12 15:45:36,padaria_pastelaria, Bolo de Ananás e Coco ,0.5,KG,3.99,7.98,€
4526,2023-05-12 15:45:36,padaria_pastelaria, Pastel de Nata Gourmet ,0.07,KG,0.79,11.29,€
4527,2023-05-12 15:45:36,padaria_pastelaria, Pão de Leite Brioche ,0.06,KG,0.42,7.0,€
4528,2023-05-12 15:45:36,padaria_pastelaria, Chausson de Maçã ,0.095,KG,0.85,8.95,€
4529,2023-05-12 15:45:36,padaria_pastelaria, Tortilhas sem Glúten Old El Paso ,0.216,KG,3.49,16.16,€
4530,2023-05-12 15:45:36,padaria_pastelaria, Pão Saloio ,0.52,KG,2.33,2.33,€
4531,2023-05-12 15:45:36,padaria_pastelaria, Pão da Avó Familiar ,0.51,KG,2.53,2.53,€
4532,2023-05-12 15:45:36,padaria_pastelaria, Pão de Mistura Trigo e Centeio ,0.35,KG,1.86,1.86,€
4533,2023-05-12 15:45:36,padaria_pastelaria, Folhado de Salsicha ,1.0,UN,0.99,0.99,€
4534,2023-05-12 15:45:36,padaria_pastelaria, Bolo de Feijão ,0.06,KG,0.89,14.83,€
4535,2023-05-12 15:45:36,padaria_pastelaria, Croissant Brioche ,0.085,KG,0.55,6.47,€
4536,2023-05-12 15:45:36,padaria_pastelaria, Dawnut's Recheado com Chocolate ,0.075,KG,0.75,10.0,€
4537,2023-05-12 15:45:36,padaria_pastelaria, Pão Sandwich Thins 8 Cereais Bimbo ,0.31,KG,1.94,6.26,€
4538,2023-05-12 15:45:36,padaria_pastelaria, Pão São Coração ,0.35,KG,1.87,5.34,€
4539,2023-05-12 15:45:36,padaria_pastelaria, Wraps de Trigo Rolls Bimbo ,6.0,UN,1.89,0.31,€
4540,2023-05-12 15:45:36,padaria_pastelaria, Wraps de Chia e Quinoa Mission ,0.37,KG,2.24,6.05,€
4541,2023-05-12 15:45:36,padaria_pastelaria, Wraps de Trigo Espelta e Aveia Mission ,0.37,KG,2.24,6.05,€
4542,2023-05-12 15:45:36,padaria_pastelaria, Pão de Forma com Quinoa Bio Organic Oroweat ,0.4,KG,2.98,7.45,€
4543,2023-05-12 15:45:36,padaria_pastelaria, Pão de Forma Artesanal Bimbo ,0.55,KG,1.59,2.89,€
4544,2023-05-12 15:45:36,padaria_pastelaria, Pão de Forma Integral 100% Natural Bimbo ,0.45,KG,1.54,3.42,€
4545,2023-05-12 15:45:36,padaria_pastelaria, Pão de Forma 100% Natural Bimbo ,0.46,KG,1.54,3.35,€
4546,2023-05-12 15:45:36,padaria_pastelaria, Pão de Forma 9 Cereais com Chia e Quinoa ,0.52,KG,1.86,3.58,€
4547,2023-05-12 15:45:36,padaria_pastelaria, Bagel Com sementes Bimbo ,4.0,UN,2.19,0.55,€
4548,2023-05-12 15:45:36,padaria_pastelaria, Wraps de Trigo Original Mission ,0.37,KG,2.24,6.05,€
4549,2023-05-12 15:45:36,padaria_pastelaria, Delícia de Bolacha ,0.5,KG,3.19,6.38,€
4550,2023-05-12 15:45:36,padaria_pastelaria, Delícia de Brigadeiro ,0.45,KG,3.19,7.09,€
4551,2023-05-12 15:45:36,padaria_pastelaria, Bagel Clássico Bimbo ,4.0,UN,2.19,0.55,€
4552,2023-05-12 15:45:36,padaria_pastelaria, Tortilhas de Trigo Integrais Rolls Bimbo ,6.0,UN,1.89,7.87,€
4553,2023-05-12 15:45:36,padaria_pastelaria, Pão de Forma 12 Cereais e Sementes Oroweat ,0.59,KG,1.99,3.37,€
4554,2023-05-12 15:45:36,padaria_pastelaria, Pão de Sesamo e Linhaça Oroweat ,0.59,KG,1.99,3.37,€
4555,2023-05-12 15:45:36,padaria_pastelaria, Pão Pipas Sementes de Girassol e Abóbora Oroweat ,0.59,KG,1.99,3.37,€
4556,2023-05-12 15:45:36,padaria_pastelaria, Dawnut's Açucarado ,0.049,KG,0.39,7.96,€
4557,2023-05-12 15:45:36,padaria_pastelaria, Dawnut's Chocolate ,0.055,KG,0.45,8.18,€
4558,2023-05-12 15:45:36,padaria_pastelaria, Queque ,0.055,KG,0.65,11.82,€
4559,2023-05-12 15:45:36,padaria_pastelaria, Pão de Forma Brioche Estilo Artesano Bimbo ,0.55,KG,1.99,3.62,€
4560,2023-05-12 15:45:36,padaria_pastelaria, Pão de Ló ,0.5,KG,3.19,6.38,€
4561,2023-05-12 15:45:36,padaria_pastelaria, Pão de Forma Brioche Pingo Doce ,0.5,KG,2.59,5.18,€
4562,2023-05-12 15:45:36,padaria_pastelaria, Tarte Nougat de Amêndoa ,0.6,KG,6.99,11.65,€
4563,2023-05-12 15:45:36,padaria_pastelaria, Pão de Forma Especial Torradas Panrico ,0.75,KG,1.86,2.48,€
4564,2023-05-12 15:45:36,padaria_pastelaria, Pão de Forma Familiar Bimbo ,0.7,KG,1.63,2.33,€
4565,2023-05-12 15:45:36,padaria_pastelaria, Pão de Forma sem Côdea Bimbo ,0.65,KG,1.79,2.75,€
4566,2023-05-12 15:45:36,padaria_pastelaria, Pão de Forma sem Côdea Especial Torradas Bimbo ,0.65,KG,1.87,2.88,€
4567,2023-05-12 15:45:36,padaria_pastelaria, Pão de Forma Especial Torradas Bimbo ,0.7,KG,1.87,2.67,€
4568,2023-05-12 15:45:36,padaria_pastelaria, Pão de Forma Integral sem Côdea Bimbo ,0.45,KG,1.87,4.16,€
4569,2023-05-12 15:45:36,padaria_pastelaria, Pão de Forma sem Côdea 10 Cereais Bimbo ,0.65,KG,1.99,3.06,€
4570,2023-05-12 15:45:36,padaria_pastelaria, Pão de Forma 9 Cereais sem Côdea Panrico ,0.48,KG,2.01,4.19,€
4571,2023-05-12 15:45:36,padaria_pastelaria, Pão de Forma Branco sem Côdea 100% Natural Bimbo ,0.45,KG,1.87,4.16,€
4572,2023-05-12 15:45:36,padaria_pastelaria, Pão de Forma Branco Bimbo ,0.375,KG,1.39,0.0,€
4573,2023-05-12 15:45:36,padaria_pastelaria, Pão de Forma Integral Bimbo ,0.48,KG,1.39,2.9,€
4574,2023-05-12 15:45:36,padaria_pastelaria, Pão de Forma Integral Especial Torradas com Côdea Panrico ,0.52,KG,1.59,3.06,€
4575,2023-05-12 15:45:36,padaria_pastelaria, Pão de Aveia Museu do Pão ,0.35,KG,1.28,3.66,€
4576,2023-05-12 15:45:36,padaria_pastelaria, Wraps de Trigo Azeite 100% Mission ,0.37,KG,2.24,6.05,€
4577,2023-05-12 15:55:55,padaria_pastelaria, Salsicha Silesiana ,1.0,UN,0.99,0.99,€
4578,2023-05-12 15:55:55,take-away, Salsicha de Frango ,1.0,UN,0.99,0.99,€
4579,2023-05-12 15:55:55,take-away, Doce Pingo Doce ,1.0,UN,1.15,1.15,€
4580,2023-05-12 15:55:55,take-away, Bacalhau com Natas ,0.33,KG,4.29,13.0,€
4581,2023-05-12 15:55:55,take-away, Lombo de Porco e Batatinha Assada ,0.3,KG,3.79,12.63,€
4582,2023-05-12 15:55:55,take-away, Arroz de Pato ,0.35,KG,11.99,11.99,€
4583,2023-05-12 15:55:55,take-away, Arroz Branco Dose ,0.15,KG,3.49,3.49,€
4584,2023-05-12 15:55:55,take-away, Bacalhau Espiritual ,0.35,KG,11.99,11.99,€
4585,2023-05-12 15:55:55,take-away, Creme de Espinafres sem Batata ,1.0,UN,3.29,3.29,€
4586,2023-05-12 15:55:55,take-away, Sopa Camponesa ,1.0,UN,2.79,2.79,€
4587,2023-05-12 15:55:55,take-away, Sopa de Grão com Espinafres ,1.0,UN,2.79,2.79,€
4588,2023-05-12 15:55:55,take-away, Creme de Cenoura ,0.9,KG,2.79,3.1,€
4589,2023-05-12 15:55:55,take-away, Sopa Juliana ,0.9,KG,2.79,3.1,€
4590,2023-05-12 15:55:55,take-away, Caldo Verde ,1.0,UN,2.79,2.79,€
4591,2023-05-12 15:55:55,take-away, Creme de Legumes ,0.9,KG,2.79,3.1,€
4592,2023-05-12 15:55:55,take-away, Sopa de Legumes ,0.9,KG,2.79,3.1,€
4593,2023-05-12 15:55:55,take-away, Coxinha de Frango ,1.0,UN,0.79,0.79,€
4594,2023-05-12 15:55:55,take-away, Creme de Cenoura sem Adição de Sal ,0.9,KG,2.79,3.1,€
4595,2023-05-12 15:55:55,take-away, Croquete de Picanha ,1.0,UN,0.89,0.89,€
4596,2023-05-12 15:55:55,take-away, Legumes à Brás ,1.0,UN,3.49,3.49,€
4597,2023-05-12 15:55:55,take-away, Arroz Doce ,1.0,UN,1.15,1.15,€
4598,2023-05-12 15:55:55,take-away, Natas do Céu ,1.0,UN,1.15,1.15,€
4599,2023-05-12 15:55:55,take-away, Mousse de Chocolate ,1.0,UN,1.15,1.15,€
4600,2023-05-12 15:55:55,take-away, Salada Russa ,1.0,UN,2.99,2.99,€
4601,2023-05-12 15:55:55,take-away, Sopa de Legumes sem Batata ,1.0,UN,3.29,3.29,€
4602,2023-05-12 15:55:55,take-away, Pastel de Bacalhau ,1.0,UN,0.79,0.79,€
4603,2023-05-12 15:55:55,take-away, Croquete de Carne ,1.0,UN,0.79,0.79,€
4604,2023-05-12 15:55:55,take-away, Arroz de Pato ,1.0,UN,3.99,3.99,€
4605,2023-05-12 15:55:55,take-away, Massa Carbonara ,0.3,KG,3.49,11.63,€
4606,2023-05-12 15:55:55,take-away, Legumes à Brás Familiar ,1.0,UN,6.99,6.99,€
4607,2023-05-12 15:55:55,take-away, Moelinhas Estufadas Familiar ,0.7,KG,6.99,9.99,€
4608,2023-05-12 15:55:55,take-away, Empadão de Carne Comida Fresca Pingo Doce ,0.4,KG,3.99,9.98,€
4609,2023-05-12 15:55:55,take-away, Arroz de Pato Familiar ,1.0,UN,8.99,8.99,€
4610,2023-05-12 15:55:55,take-away, Pasta de Frango ,0.3,KG,2.89,9.63,€
4611,2023-05-12 15:55:55,take-away, Pasta de Atum ,0.3,KG,2.89,9.63,€
4612,2023-05-12 15:55:55,take-away, Salada Caesar ,0.21,KG,2.79,13.29,€
4613,2023-05-12 15:55:55,take-away, Salada de Massa e Atum ,1.0,UN,3.29,3.29,€
4614,2023-05-12 15:55:55,take-away, Sandes de Atum Good4Me ,1.0,UN,1.89,1.89,€
4615,2023-05-12 15:55:55,take-away, Sandes de Frango Good4Me ,1.0,UN,1.89,1.89,€
4616,2023-05-12 15:55:55,take-away, Sandes Delícias do Mar Good4me ,1.0,UN,1.89,1.89,€
4617,2023-05-12 15:55:55,take-away, Salada Grega Vitacress ,0.225,KG,3.29,14.62,€
4618,2023-05-12 15:55:55,take-away, Creme de Legumes sem Batata ,1.0,UN,3.29,3.29,€
4619,2023-05-12 15:55:55,take-away, Pasta de Delícias do Mar ,0.3,KG,2.89,9.63,€
4620,2023-05-12 15:55:55,take-away, Empada de Frango ,1.0,UN,0.99,0.99,€
4621,2023-05-12 15:55:55,take-away, Carbonara à Pingo Doce ,0.35,KG,9.99,9.99,€
4622,2023-05-12 15:55:55,take-away, Sopa de Feijão Verde ,0.9,KG,2.79,3.1,€
4623,2023-05-12 15:55:55,take-away, Canja com Frango do Campo ,0.9,KG,4.49,4.99,€
4624,2023-05-12 15:55:55,take-away, Natas do Céu Familiar ,1.0,UN,4.99,4.99,€
4625,2023-05-12 15:55:55,take-away, Salada Massa e Frango ,0.32,KG,2.99,9.34,€
4626,2023-05-12 15:55:55,take-away, Salada New Yorker ,0.215,KG,3.49,16.23,€
4627,2023-05-12 15:55:55,take-away, Salada de Massa e Rúcula ,0.21,KG,3.49,16.23,€
4628,2023-05-12 15:55:55,take-away, Wrap Vegetariano Wrap2go ,1.0,UN,2.19,2.19,€
4629,2023-05-12 15:55:55,take-away, Rissol de Camarão ,1.0,UN,0.79,0.79,€
4630,2023-05-12 15:55:55,take-away, Rissol de Carne ,1.0,UN,0.79,0.79,€
4631,2023-05-12 15:55:55,take-away, Creme de Vegetais com Espinafres ,0.9,KG,2.79,3.1,€
4632,2023-05-12 15:55:55,take-away, Sopa de Agrião ,0.9,KG,2.79,3.1,€
4633,2023-05-12 15:55:55,take-away, Salada com Queijo e Frango Suprema Vitacress ,0.2,KG,3.29,16.45,€
4634,2023-05-12 15:55:55,take-away, Salada de Frango e Queijo Quinoa Real Vitacress ,0.215,KG,3.49,16.23,€
4635,2023-05-12 15:55:55,take-away, Lombo Saloio Fatiado ,1.0,UN,4.99,4.99,€
4636,2023-05-12 15:55:55,take-away, Leitão de Negrais ,0.55,KG,8.99,16.35,€
4637,2023-05-12 15:55:55,take-away, Wrap de Atum Wrap2go ,1.0,UN,2.19,2.19,€
4638,2023-05-12 15:55:55,take-away, Sandes Mista Good4me ,1.0,UN,1.89,1.89,€
4639,2023-05-12 15:55:55,take-away, Salada de Couscous Grão e Caril Pingo Doce ,0.18,KG,1.99,11.06,€
4640,2023-05-12 15:55:55,take-away, Salada de Quinoa com Beterraba e Feijão Pingo Doce ,0.18,KG,1.99,11.06,€
4641,2023-05-12 15:55:55,take-away, Mousse de Chocolate Familiar ,0.5,KG,4.99,9.98,€
4642,2023-05-12 15:55:55,take-away, Arroz Doce ,1.0,UN,4.99,6.24,€
4643,2023-05-12 15:55:55,take-away, Creme de Abóbora com Manjericão ,0.9,KG,3.99,4.43,€
4644,2023-05-12 15:55:55,take-away, Creme de Courgette sem Batata com Hortelã ,0.9,KG,3.49,3.88,€
4645,2023-05-12 15:55:55,take-away, Sopa da Pedra ,0.9,KG,4.99,5.54,€
4646,2023-05-12 15:55:55,take-away, Creme de Vegetais sem Batata e Sal ,1.0,UN,3.29,3.29,€
4647,2023-05-12 15:55:55,take-away, Esparguete à Bolonhesa ,0.7,KG,6.99,9.99,€
4648,2023-05-12 15:55:55,take-away, Leite Creme com Frutos Vermelhos ,0.13,KG,1.15,8.85,€
4649,2023-05-12 15:55:55,take-away, Sopa de Feijão Verde sem Adição de Sal ,0.9,KG,2.79,3.1,€
4650,2023-05-12 15:55:55,take-away, Bacalhau com Natas Familiar ,0.7,KG,8.99,12.84,€
4651,2023-05-12 15:55:55,take-away, Caril de Grão com Legumes ,0.35,KG,2.99,8.54,€
4652,2023-05-12 15:55:55,take-away, Carbonara Familiar ,1.0,UN,6.99,6.99,€
4653,2023-05-12 15:55:55,take-away, Bacalhau à Brás Familiar ,0.7,KG,8.99,12.84,€
4654,2023-05-12 15:55:55,take-away, Salada de Couscous Frango e Frutos Secos ,0.25,KG,3.79,15.16,€
4655,2023-05-12 15:55:55,take-away, Salada de Batata Atum e Alparras ,0.25,KG,3.79,15.16,€
4656,2023-05-12 15:55:55,take-away, Perna de Frango Assado ,0.21,KG,7.99,7.99,€
4657,2023-05-12 15:55:55,take-away, Entrecosto Churrasco - Unidade 0.7  Kg ,0.7,KG,15.99,15.99,€
4658,2023-05-12 15:55:55,take-away, Frango Assado ,1.0,KG,7.49,7.49,€
4659,2023-05-12 15:55:55,take-away, Empadão de Carne Familiar ,0.7,KG,6.99,9.99,€
4660,2023-05-12 15:55:55,take-away, Bacalhau Espiritual ,0.3,KG,3.99,13.3,€
4661,2023-05-12 15:55:55,take-away, Bacalhau à Gomes de Sá ,0.35,KG,4.29,12.26,€
4662,2023-05-12 15:55:55,take-away, Sopa de Feijão com Bacon ,0.9,KG,3.49,3.88,€
4663,2023-05-12 16:02:16,take-away, Arroz de Pato Congelado Pingo Doce ,0.3,KG,2.99,9.97,€
4664,2023-05-12 16:02:16,congelados, Cheesecake Oreo ,0.35,KG,7.69,21.97,€
4666,2023-05-12 16:02:16,congelados, Pastéis de Bacalhau Congelados Pingo Doce ,0.384,KG,3.59,9.35,€
4667,2023-05-12 16:02:16,congelados, Tarte de Chocolate Milka ,0.35,KG,7.69,21.97,€
4668,2023-05-12 16:02:16,congelados, Caldeirada de Bacalhau Demolhado Ultracongelado Mar Ibérica ,0.8,KG,5.99,7.49,€
4669,2023-05-12 16:02:16,congelados, Rissóis de Pescada Congelados Pingo Doce ,0.42,KG,1.59,3.79,€
4670,2023-05-12 16:02:16,congelados, Gelo Pingo Doce ,2.0,KG,1.0,0.5,€
4671,2023-05-12 16:02:16,congelados, Mini Pizzas Queijo e Fiambre Congeladas Pingo Doce ,0.36,KG,3.29,9.14,€
4672,2023-05-12 16:02:16,congelados, Mistura Oriental Pingo doce ,0.38,KG,0.89,2.34,€
4673,2023-05-12 16:02:16,congelados, Coentros Picados Congelados Pingo Doce ,0.05,KG,1.19,23.8,€
4674,2023-05-12 16:02:16,congelados, Salsa Picada Congelada Pingo Doce ,0.05,KG,1.19,23.8,€
4675,2023-05-12 16:02:16,congelados, Pastéis de Bacalhau Congelados Ártico ,0.384,KG,1.99,5.24,€
4676,2023-05-12 16:02:16,congelados, Miolo de Mexilhão Congelado Pingo Doce ,0.25,KG,1.79,7.16,€
4677,2023-05-12 16:02:16,congelados, Rissóis de Camarão Congelados Pingo Doce ,0.5,KG,2.19,4.38,€
4678,2023-05-12 16:02:16,congelados, Arroz Primavera Congelado Gelcampo ,0.6,KG,1.49,2.48,€
4679,2023-05-12 16:02:16,congelados, Feijão Verde Cortado Congelado Pingo Doce ,0.4,KG,0.74,1.85,€
4680,2023-05-12 16:02:16,congelados, Folhado de Salsicha Congelado Pingo Doce ,0.36,KG,2.69,7.47,€
4681,2023-05-12 16:02:16,congelados, Veggie Rice de Couve-flor e Brócolos Pingo Doce ,0.45,KG,1.99,4.42,€
4682,2023-05-12 16:02:16,congelados, Rissóis de Carne Congelados Pingo Doce ,0.42,KG,1.79,4.26,€
4683,2023-05-12 16:02:16,congelados, Jardineira Congelada Pingo Doce ,0.75,KG,0.84,1.12,€
4684,2023-05-12 16:02:16,congelados, Batata em Cubos Pré-Frita Congelada Pingo Doce ,1.0,KG,1.99,1.99,€
4685,2023-05-12 16:02:16,congelados, Batatas Palitos Finos Saborosas no Forno Pingo Doce ,1.0,KG,1.99,1.99,€
4686,2023-05-12 16:02:16,congelados, Almôndegas de Ervilha 0% Carne Plant Based Pingo Doce ,0.2,KG,3.49,17.45,€
4687,2023-05-12 16:02:16,congelados, Pizza Marguerita Forno de Lenha Congelada Pingo Doce ,0.6,KG,2.39,3.98,€
4688,2023-05-12 16:02:16,congelados, Favas Congeladas Pingo Doce ,0.75,KG,1.29,1.72,€
4690,2023-05-12 16:02:16,congelados, Lasanha Bolonhesa Congelada Pingo Doce ,0.4,KG,2.29,5.73,€
4691,2023-05-12 16:02:16,congelados, Alho Picado Congelado Pingo Doce ,0.1,KG,1.19,11.9,€
4692,2023-05-12 16:02:16,congelados, Batatas Palitos Congeladas para Forno Pingo Doce ,2.5,KG,4.49,1.8,€
4693,2023-05-12 16:02:16,congelados, Queijo Mozzarella Crocante Galbani ,0.15,KG,3.49,23.27,€
4695,2023-05-12 16:02:16,congelados, Rissóis de Camarão para Preparar no Forno Pingo Doce ,0.4,KG,3.09,7.73,€
4696,2023-05-12 16:02:16,congelados, Rissóis de Leitão para Preparar no Forno Pingo Doce ,0.34,KG,2.99,8.79,€
4697,2023-05-12 16:02:16,congelados, Croquetes de Carne Congelados Pingo Doce ,0.384,KG,2.19,5.7,€
4698,2023-05-12 16:02:16,congelados, Bacalhau à Brás Pingo Doce Congelado ,0.3,KG,2.49,8.3,€
4699,2023-05-12 16:02:16,congelados, Tagliatelle Marinera Tutti Pasta ,0.35,KG,2.85,8.14,€
4700,2023-05-12 16:02:16,congelados, Polpa de Fruta Maracujá Congelada Brasfrut ,0.4,KG,5.19,12.98,€
4701,2023-05-12 16:02:16,congelados, Pizza Prosciutto Funghi Dr. Oetker ,0.38,KG,5.89,15.5,€
4702,2023-05-12 16:02:16,congelados, Pizza Hawaii Casa Di Mama Dr. Oetker ,0.415,KG,5.89,14.19,€
4703,2023-05-12 16:02:16,congelados, Pizza Tradizionale Mozzarella e Pesto Dr. Oetker ,0.385,KG,5.89,15.3,€
4704,2023-05-12 16:02:16,congelados, Pizza La Mía Grande Quatro Queijos Dr. Oetker ,0.4,KG,6.59,16.47,€
4705,2023-05-12 16:02:16,congelados, Pizza Hawaiana Forno de Lenha Congelada Pingo Doce ,0.35,KG,2.19,6.26,€
4706,2023-05-12 16:02:16,congelados, Pizza Romana Forno de Lenha Congelada Pingo Doce ,0.35,KG,2.19,6.26,€
4707,2023-05-12 16:02:16,congelados, Pizza Mozzarella de Búfala Forno de Lenha Congelada Pingo Doce ,0.35,KG,2.19,6.26,€
4708,2023-05-12 16:02:16,congelados, Gelado Ice Up de Smarties com Apito Pingo Doce ,0.32,L,2.79,8.72,€
4709,2023-05-12 16:02:16,congelados, Gelado de Copo Mini Doce de Leite Häagen-Dazs ,0.095,L,2.75,28.95,€
4710,2023-05-12 16:02:16,congelados, Gelado Mini Majestic de Amêndoas Pingo Doce ,0.48,L,2.69,5.6,€
4711,2023-05-12 16:02:16,congelados, Arroz de Peixe Congelado Pingo Doce ,0.35,KG,3.19,9.11,€
4712,2023-05-12 16:02:16,congelados, Panquecas de Banana e Espelta Pingo Doce ,0.32,KG,4.39,13.72,€
4713,2023-05-12 16:02:16,congelados, Mini Quiches Congeladas Pingo Doce ,0.22,KG,3.19,14.5,€
4714,2023-05-12 16:02:16,congelados, Camarão Selvagem Moçambique 60/80 Pingo Doce - Embalagem 0.8 Kg ,0.8,KG,14.99,18.74,€
4715,2023-05-12 16:02:16,congelados, Bacalhau com Natas Congelado Pingo Doce ,0.38,KG,2.69,7.08,€
4716,2023-05-12 16:02:16,congelados, Batatinha para Assar Congelada Pingo Doce ,1.0,KG,1.99,1.99,€
4717,2023-05-12 16:02:16,congelados, Batatas Noisettes Congeladas Pingo Doce ,1.0,KG,2.99,2.99,€
4718,2023-05-12 16:02:16,congelados, Batatas Pré-Fritas Rodelas Congeladas Pingo Doce ,1.0,KG,2.49,2.49,€
4719,2023-05-12 16:02:16,congelados, Esparregado de Espinafres Congelado Pingo Doce ,0.35,KG,1.39,3.97,€
4720,2023-05-12 16:02:16,congelados, Couve de Bruxelas Congelada Pingo Doce ,0.4,KG,0.65,1.63,€
4721,2023-05-12 16:02:16,congelados, Choco Limpo Gelpeixe ,0.4,KG,5.69,14.23,€
4722,2023-05-12 16:02:16,congelados, Bifes de Atum Gelpeixe Congelados ,0.4,KG,8.09,20.22,€
4723,2023-05-12 16:02:16,congelados, Batata Doce em Palitos Pingo Doce ,0.5,KG,2.49,4.98,€
4724,2023-05-12 16:02:16,congelados, Brownie Congelado Pingo Doce ,0.24,KG,2.99,12.46,€
4725,2023-05-12 16:02:16,congelados," Preparado para Smoothie Ananás, Papaia e Manga Pingo Doce ",0.45,KG,2.99,6.64,€
4726,2023-05-12 16:02:16,congelados, Hambúrguer de Feijão Vermelho e Millet 0% Carne Plant Based Pingo Doce ,0.2,KG,4.49,22.45,€
4727,2023-05-12 16:02:16,congelados, Esparguete à Bolonhesa Congelada Pingo Doce ,0.3,KG,2.39,7.97,€
4728,2023-05-12 16:02:16,congelados, Almôndegas com Molho de Tomate 0% Carne Plant Based Pingo Doce ,0.32,KG,5.49,17.16,€
4729,2023-05-12 16:02:16,congelados, Gelado Chocolate e Biscoito Alto Teor em Proteína Go Active Pingo Doce ,0.5,L,2.99,5.98,€
4730,2023-05-12 16:02:16,congelados, Gelado Caramelo Salgado Alto Teor em Proteína Go Active Pingo Doce ,0.5,L,2.99,5.98,€
4731,2023-05-12 16:02:16,congelados, Croquetes de 0% Carne Tipo Vaca Vegan Pingo Doce ,10.0,UN,4.19,0.42,€
4732,2023-05-12 16:02:16,congelados, Coxinhas de 0% Carne Tipo Frango Vegan Pingo Doce ,9.0,UN,4.19,0.47,€
4733,2023-05-12 16:02:16,congelados, Sobremesa Delícia de Capuccino Pingo Doce ,1.0,L,2.29,2.29,€
4734,2023-05-12 16:02:16,congelados, Sobremesa Delícia de Nata com Chocolate Pingo Doce ,1.0,L,2.29,2.29,€
4735,2023-05-12 16:02:16,congelados, Gelado Mini Majestics Pingo Doce ,0.48,L,2.49,5.19,€
4736,2023-05-12 16:02:16,congelados, Gelado de Baunilha Pingo Doce ,1.0,L,2.19,2.19,€
4737,2023-05-12 16:02:16,congelados, Gelado Cones Clássico Pingo Doce ,0.72,L,2.39,3.32,€
4738,2023-05-12 16:02:16,congelados, Tiras de Pota Panadas Congelado - Embalagem 0.5 Kg ,0.5,KG,3.49,6.98,€
4739,2023-05-12 16:02:16,congelados, Gelado Cones de Doce de Morango Pingo Doce ,0.72,L,2.39,3.32,€
4740,2023-05-12 16:02:16,congelados, Gelado Cones de Chocolate Pingo Doce ,0.72,L,2.39,3.32,€
4741,2023-05-12 16:02:16,congelados, Gelado Tubito Limão e Morango Pingo Doce ,0.66,L,2.79,4.23,€
4742,2023-05-12 16:02:16,congelados, Gelado Cone de Caramelo e Baunilha Pingo Doce ,0.72,L,2.39,3.32,€
4743,2023-05-12 16:02:16,congelados, Gelado Majestic Chocolate Ruby Pingo Doce ,0.27,L,1.79,6.63,€
4744,2023-05-12 16:02:16,congelados, Gelado de Manteiga de Amendoim Dairy Free Pingo Doce ,0.27,L,1.89,7.0,€
4745,2023-05-12 16:02:16,congelados, Gelado de Menta e Chocolate Dairy Free Pingo Doce ,0.27,L,1.89,7.0,€
4746,2023-05-12 16:02:16,congelados, Pizza Caprese Forno di Pietra Buitoni ,0.35,KG,4.85,13.86,€
4747,2023-05-12 16:02:16,congelados, Pizza Hawai Forno di Pietra Buitoni ,0.38,KG,4.85,12.76,€
4748,2023-05-12 16:02:16,congelados, Pizza Fiambre e Cogumelos Forno di Pietra Buitoni ,0.34,KG,4.85,14.26,€
4749,2023-05-12 16:02:16,congelados, Pizza 4 Estações Forno di Pietra Buitoni ,0.355,KG,4.85,13.66,€
4750,2023-05-12 16:02:16,congelados, Edamame com Vagem Pingo Doce ,0.3,KG,1.29,4.3,€
4751,2023-05-12 16:02:16,congelados, Pizza Verdure Bella Napoli Buitoni ,0.475,KG,5.99,12.61,€
4752,2023-05-12 16:02:16,congelados, Lulas Recheadas Congeladas Pingo Doce ,0.5,KG,8.99,17.98,€
4753,2023-05-12 16:02:16,congelados, Pastéis de Massa Tenra Pingo Doce ,0.35,KG,3.69,10.54,€
4754,2023-05-12 16:02:16,congelados, Gelado Tips Cornetto Olá ,0.08,KG,5.99,74.88,€
4755,2023-05-12 16:02:16,congelados, Profiteroles Congelados Pingo Doce ,0.3,KG,2.69,8.97,€
4756,2023-05-12 16:02:16,congelados, Lombos de Salmão Pingo Doce Congelados ,0.3,KG,7.49,24.97,€
4757,2023-05-12 16:02:16,congelados, Pizza Pepperoni Forno de Lenha Congelada Pingo Doce ,0.35,KG,2.19,6.26,€
4758,2023-05-12 16:02:16,congelados, Pizza Atum e Cebola Forno de Lenha Congelada Pingo Doce ,0.35,KG,2.19,6.26,€
4759,2023-05-12 16:02:16,congelados, Pastéis de Bacalhau Preparar no Forno Pingo Doce ,0.32,KG,3.99,12.47,€
4760,2023-05-12 16:02:16,congelados, Pizza 4 Queijos Forno di Pietra Buitoni ,0.34,KG,4.85,14.26,€
4761,2023-05-12 16:02:16,congelados, Pizza de Atum Forno di Pietra Buitoni ,0.345,KG,4.85,14.06,€
4762,2023-05-12 16:02:16,congelados, Pizza Carbonara Forno di Pietra Buitoni ,0.3,KG,4.85,16.17,€
4763,2023-05-12 16:02:16,congelados, Vegetais Grelhados Pingo Doce ,0.4,KG,1.79,4.48,€
4764,2023-05-12 16:02:16,congelados," Gelado de Café, Chocolate Branco e Caramelo Pingo Doce ",0.95,L,2.79,2.94,€
4765,2023-05-12 16:02:16,congelados, Gelado de Nata e Sorbet de Frutos Vermelhos Pingo Doce ,0.95,L,2.79,2.94,€
4766,2023-05-12 16:02:16,congelados, Gelado Caramelo Salgado Pingo Doce ,0.95,L,2.79,2.94,€
4767,2023-05-12 16:02:16,congelados, Gelado de Manga Maracujá Merengue Pingo Doce ,0.95,L,2.79,2.94,€
4768,2023-05-12 16:02:16,congelados, Gelado Cheesecake de Morango Pingo Doce ,0.95,L,2.79,2.94,€
4769,2023-05-12 16:02:16,congelados, Gelado Duo Chocolate Pingo Doce ,0.95,L,2.79,2.94,€
4770,2023-05-12 16:02:16,congelados, Macedónia de Vegetais Congelada Pingo Doce ,0.75,KG,1.49,1.99,€
4771,2023-05-12 16:02:16,congelados, Gelado de Caramelo Pingo Doce ,0.95,L,2.79,2.94,€
4772,2023-05-12 16:02:16,congelados, Gelado Stracciatella Pingo Doce ,0.95,L,2.79,2.94,€
4773,2023-05-12 16:02:16,congelados, Gelado de Menta e Chocolate Pingo Doce ,0.95,L,2.79,2.94,€
4774,2023-05-12 16:02:16,congelados, Gelado de Avelã e Cacau Pingo Doce ,0.95,L,2.79,2.94,€
4775,2023-05-12 16:02:16,congelados, Gelado de Chocolate Pingo Doce ,1.0,L,2.49,2.49,€
4776,2023-05-12 16:02:16,congelados, Gelado de Morango Pingo Doce ,1.0,L,2.49,2.49,€
4777,2023-05-12 16:02:16,congelados, Pizza Fiambre e Queijo Forno di Pietra Buitoni ,0.35,KG,4.85,13.86,€
4778,2023-05-12 16:02:16,congelados, Gelado Fruit Collection Mini Cups Häagen-Dazs ,0.38,L,7.45,19.61,€
4779,2023-05-12 16:02:16,congelados, Miolo de Amêijoa Congelado Pingo Doce ,0.25,KG,2.99,11.96,€
4780,2023-05-12 16:02:16,congelados, Bifes de Atum Campos Congelados ,0.225,KG,5.89,26.18,€
4781,2023-05-12 16:02:16,congelados, Gelado de Caramel Collection Häagen-Dazs ,0.38,L,7.45,19.61,€
4782,2023-05-12 16:02:16,congelados, Gelado de Chocolate Collection Häagen-Dazs ,0.38,L,7.45,19.61,€
4783,2023-05-12 16:02:16,congelados, Gelado The Mini Joys Häagen-Dazs ,0.38,L,7.45,23.28,€
4784,2023-05-12 16:02:16,congelados, Batatas Palitos Congeladas Pingo Doce ,1.0,KG,1.99,1.99,€
4785,2023-05-12 16:02:16,congelados, Gelado Majestic Biscoito e Canela Pingo Doce ,0.27,L,1.99,7.37,€
4786,2023-05-12 16:02:16,congelados, Gelado Majestic Doce de Leite Pingo Doce ,0.27,L,1.99,7.37,€
4787,2023-05-12 16:02:16,congelados, Sobremesa de Baunilha Olá Viennetta ,0.65,L,3.99,6.14,€
4788,2023-05-12 16:02:16,congelados, Sorbet de Manga 50% Fruta Pingo Doce ,1.0,L,2.99,2.99,€
4789,2023-05-12 16:02:16,congelados, Gelado de Caramelo Salgado Protein Prozis ,0.5,L,6.99,13.98,€
4790,2023-05-12 16:02:16,congelados, Gelado de Avelã Zero Prozis ,0.5,L,6.49,12.98,€
4791,2023-05-12 16:02:16,congelados, Mini Pizza de Atum Piccolinis Buitoni ,0.27,KG,4.75,17.59,€
4792,2023-05-12 16:02:16,congelados, Bolinhas de Alheira e Chouriço Iguarias Pingo Doce ,0.3,KG,3.49,11.63,€
4794,2023-05-12 16:02:16,congelados, Mini Pizza de Tomate e Mozzarella Piccolinis Buitoni ,0.27,KG,4.75,17.59,€
4795,2023-05-12 16:02:16,congelados, Gelado Brownie Macchiato Pingo Doce ,0.5,L,2.99,5.98,€
4796,2023-05-12 16:02:16,congelados, Mix de Vegetais a Vapor Congelados Pingo Doce ,0.2,KG,0.99,4.95,€
4797,2023-05-12 16:02:16,congelados, Gelado Speculoos de Bolacha de Canela Pingo Doce ,0.5,L,2.99,5.98,€
4798,2023-05-12 16:02:16,congelados, Croquetes de Carne para Preparar no Forno Pingo Doce ,0.32,KG,2.89,9.03,€
4799,2023-05-12 16:02:16,congelados, Carne Picada de Bovino Gourmet  Congelada Fortunna  - Embalagem 1 Kg ,1.0,KG,5.65,5.65,€
4803,2023-05-12 16:02:16,congelados, Castanha Pingo Doce Congelada ,1.0,KG,9.99,9.99,€
4804,2023-05-12 16:02:16,congelados, Pastéis de Nata sem Glúten Pura Vida ,0.33,KG,3.95,11.97,€
4805,2023-05-12 16:02:16,congelados, Espinafres em Folha Congelados Pingo Doce ,0.4,KG,0.6,1.5,€
4806,2023-05-12 16:02:16,congelados, Ervilhas Congeladas Pingo Doce ,0.4,KG,0.83,2.07,€
4807,2023-05-12 16:02:16,congelados, Ervilhas Congeladas Pingo Doce ,1.0,KG,1.31,1.31,€
4808,2023-05-12 16:02:16,congelados, Pão Bijou Congelado (Pack 6) ,6.0,UN,1.12,0.19,€
4809,2023-05-12 16:02:16,congelados, Postas de Pescada para Cozer nº5 Pingo Doce ,0.6,KG,4.0,6.67,€
4810,2023-05-12 16:02:16,congelados, Frutos Silvestres Congelados Pingo Doce ,0.65,KG,3.29,5.06,€
4811,2023-05-12 16:02:16,congelados, Esparregado de Espinafres sem Glúten Congelado Pura Vida ,0.36,KG,1.97,5.47,€
4812,2023-05-12 16:02:16,congelados, Mirtilos Congelados Pingo Doce ,0.25,KG,1.99,7.96,€
4813,2023-05-12 16:02:16,congelados, Couve-Flor Congelada Pingo Doce ,0.75,KG,1.31,1.75,€
4814,2023-05-12 16:02:16,congelados, Alho Francês às Rodelas Congelado Pingo Doce ,0.75,KG,0.93,1.24,€
4815,2023-05-12 16:02:16,congelados, Hambúrger de Vaca sem Glúten Pingo Doce ,1.0,KG,5.65,5.65,€
4816,2023-05-12 16:02:16,congelados, Almôndegas com Molho de Tomate sem Glúten Pingo Doce ,0.42,KG,3.48,82.86,€
4817,2023-05-12 16:02:16,congelados, Lombos de Bacalhau Congelados Pingo Doce ,0.8,KG,11.78,14.72,€
4818,2023-05-12 16:02:16,congelados, Delícias do Mar sem Glúten Pingo Doce ,0.25,KG,1.21,4.84,€
4819,2023-05-12 16:02:16,congelados, Morangos Congelados Pingo Doce ,0.75,KG,3.49,4.65,€
4820,2023-05-12 16:02:16,congelados, Framboesas Congeladas Pingo Doce ,0.5,KG,3.99,7.98,€
4821,2023-05-12 16:02:16,congelados, Preparado de Marisco sem Glúten Congelado Pingo Doce ,0.8,KG,5.65,7.06,€
4822,2023-05-12 16:02:16,congelados, Bacalhau Desfiado Pingo Doce Congelado ,0.5,KG,5.17,10.34,€
4823,2023-05-12 16:02:16,congelados, Ervilhas e Cenouras Congeladas Pingo Doce ,0.4,KG,0.74,1.85,€
4824,2023-05-12 16:02:16,congelados, Brócolos Congelados Pingo Doce ,0.4,KG,0.74,1.85,€
4825,2023-05-12 16:02:16,congelados, Cebola em Cubos Congelada Pingo Doce ,0.4,KG,0.74,1.85,€
4826,2023-05-12 16:02:16,congelados, Tapas de Bacalhau Mar Ibérica ,1.0,KG,7.53,7.53,€
4827,2023-05-12 16:02:16,congelados, Postas de Bacalhau Ártico Congelado ,0.8,KG,6.02,7.52,€
4828,2023-05-12 16:02:16,congelados, Lombos de Bacalhau Ártico ,0.8,KG,10.36,12.95,€
4829,2023-05-12 16:02:16,congelados, Cenoura Baby Congelada Pingo Doce ,0.4,KG,0.74,1.85,€
4830,2023-05-12 16:02:16,congelados, Postas de Bacalhau Congeladas Pingo Doce ,0.8,KG,6.87,8.59,€
4831,2023-05-12 16:02:16,congelados, Cocktail de Marisco Congelado Pingo Doce ,0.4,KG,3.76,9.4,€
4832,2023-05-12 16:02:16,congelados, Gelado de Banana com Chocolate Nacional Pingo Doce ,0.5,L,2.99,5.98,€
4833,2023-05-12 16:02:16,congelados, Tiramisu Congelado Pingo Doce ,0.5,KG,6.99,13.98,€
4834,2023-05-12 16:02:16,congelados, Gelado de Morango Mini Bites Olá ,0.1,L,1.99,19.9,€
4835,2023-05-12 16:02:16,congelados, Gelado de Baunilha Mini Bites Olá ,0.1,L,1.99,19.9,€
4836,2023-05-12 16:02:16,congelados, Puré de Batata Congelado Pingo Doce ,1.0,KG,2.29,2.29,€
4837,2023-05-12 16:02:16,congelados, Crepes Congelados Pingo Doce ,1.0,KG,4.19,4.19,€
4838,2023-05-12 16:02:16,congelados, Posta Tradicional Pascoal ,0.8,KG,11.59,14.49,€
4839,2023-05-12 16:02:16,congelados, Bacalhau para Caldeirada Pingo Doce ,0.8,KG,3.57,4.46,€
4840,2023-05-12 16:02:16,congelados, Postinhas de Bacalhau Congelado Reymar ,0.8,KG,6.68,8.35,€
4841,2023-05-12 16:02:16,congelados, Bacalhau da Islândia UltracongeladoIguarias Pingo Doce ,0.66,KG,12.72,19.27,€
4842,2023-05-12 16:02:16,congelados, Folhado de Frango com Legumes Congelado Pingo Doce ,0.55,KG,4.99,9.07,€
4843,2023-05-12 16:02:16,congelados, Mini Pizza de Salame Piccolinis Buitoni ,0.27,KG,4.75,17.59,€
4844,2023-05-12 16:02:16,congelados, Gelado de Cheesecake Morango Nacional Pingo Doce ,0.5,L,2.99,5.98,€
4845,2023-05-12 16:02:16,congelados, Nuggets de Proteína Vegetal Polme Americano Green Cuisine Iglo ,0.22,KG,3.99,18.14,€
4846,2023-05-12 16:02:16,congelados, Amêijoa Branca Congelada Nacional - Embalagem 500 G ,0.5,KG,3.99,7.98,€
4847,2023-05-12 16:02:16,congelados, Pizza Ristorante Hawai Dr. Oetker ,0.355,KG,3.79,10.68,€
4848,2023-05-12 16:02:16,congelados, Pizza Ristorante Pepperoni Salame Dr. Oetker ,0.32,KG,3.79,11.84,€
4851,2023-05-12 16:02:16,congelados, Salteado do Campo Bonduelle ,0.75,KG,3.99,5.32,€
4856,2023-05-12 16:02:16,congelados, Nuggets de Frango Congelados Capitão Iglo ,0.208,KG,2.99,14.38,€
4857,2023-05-12 16:02:16,congelados, Nuggets de Frango com Queijo Congelados Capitão Iglo ,0.208,KG,2.99,14.38,€
4859,2023-05-12 16:02:16,congelados, Cubos de Tamboril Mar Ibérica ,0.25,KG,3.39,13.56,€
4860,2023-05-12 16:02:16,congelados, Tiras de Pota  Pescanova Congeladas ,0.5,KG,3.44,6.88,€
4861,2023-05-12 16:02:16,congelados, Tentáculos de Pota Mar Ibérica Congelados ,0.8,KG,4.79,5.99,€
4862,2023-05-12 16:02:16,congelados, Choquinhos Limpos Congelados ,0.4,KG,5.39,13.47,€
4863,2023-05-12 16:02:16,congelados," Preparado para Smoothie com Banana, Frutos Vermelhos, Uvas e Açaí Pingo Doce ",0.45,KG,3.59,7.98,€
4864,2023-05-12 16:02:16,congelados, Chicken Wings Take Away Iglo ,0.4,KG,9.99,24.97,€
4865,2023-05-12 16:02:16,congelados, Chicken Fingers Take Away Iglo ,0.32,KG,7.19,22.47,€
4866,2023-05-12 16:02:16,congelados, Tagliatelle Carbonara Congelada Pingo Doce ,0.3,KG,2.39,7.97,€
4867,2023-05-12 16:02:16,congelados, Gelado Mini 3 Chocolates Olá Magnum ,10.0,UN,8.29,0.83,€
4868,2023-05-12 16:02:16,congelados, Gelado Choco Lotta Cheesecake Sundae Ben & Jerry ,0.427,L,7.49,17.54,€
4869,2023-05-12 16:02:16,congelados, Gelado Dulce De Lish Sundae Ben & Jerry ,0.427,L,7.49,17.54,€
4870,2023-05-12 16:02:16,congelados, Pizza The Good Baker de Brócolos e Cogumelos Vegetariana Dr. Oetker ,0.355,KG,5.89,16.59,€
4871,2023-05-12 16:02:16,congelados, Brócolos Congelados Iglo ,0.533,KG,3.76,7.05,€
4872,2023-05-12 16:02:16,congelados, Gelado Bomboniera Olá Magnum ,0.14,L,6.65,47.5,€
4873,2023-05-12 16:02:16,congelados, Ervilhas Primavera Iglo ,0.8,KG,5.65,7.06,€
4874,2023-05-12 16:02:16,congelados, Douradinhos de Pescada Forníssimo Iglo ,0.3,KG,6.99,23.3,€
4875,2023-05-12 16:02:16,congelados, Gelado Sandwich Cookies & Cream Pingo Doce ,0.54,L,3.69,6.83,€
4876,2023-05-12 16:02:16,congelados, Gelado Barra Snickers ,6.0,UN,5.49,0.92,€
4877,2023-05-12 16:02:16,congelados, Gelado Barra Mars ,6.0,UN,5.49,0.92,€
4878,2023-05-12 16:02:16,congelados, Pizza Ristorante Quatro Queijos Dr. Oetker ,0.34,KG,5.09,14.97,€
4879,2023-05-12 16:02:16,congelados, Gelado Sundae Cookie Vermont-ster Ben & Jerry ,0.427,KG,7.49,17.54,€
4880,2023-05-12 16:02:16,congelados, Chicken Nuggets Barbecue Take Away Iglo ,0.35,KG,7.19,20.54,€
4881,2023-05-12 16:02:16,congelados, Gelado Chocolate e Baunilha Half Baked Ben & Jerry's ,0.465,L,6.79,14.6,€
4882,2023-05-12 16:02:16,congelados, Gelado Double Gold Caramel Double Billionaire Mini Olá Magnum ,0.36,L,6.65,18.47,€
4884,2023-05-12 16:02:16,congelados, Lombos de Bacalhau Demolhado Congelado Reymar ,0.7,KG,11.31,16.16,€
4885,2023-05-12 16:02:16,congelados, Medalhões de Pescada do Cabo Pescanova Congelados ,1.0,KG,12.25,12.25,€
4886,2023-05-12 16:02:16,congelados, Legumes Salteados Rústico Congelados Bonduelle ,0.4,KG,2.39,5.97,€
4887,2023-05-12 16:02:16,congelados, Sardinha Pequena Mar Ibérica ,0.8,KG,2.72,3.4,€
4888,2023-05-12 16:02:16,congelados, Ervilhas Congeladas Iglo ,0.7,KG,2.82,4.03,€
4889,2023-05-12 16:02:16,congelados, Preparado para Mariscada sem Glúten Pescanova ,1.0,KG,8.28,8.28,€
4890,2023-05-12 16:02:16,congelados, Lombos de Pescada do Cabo Iglo ,1.0,KG,9.95,9.95,€
4891,2023-05-12 16:02:16,congelados, Fishburguers de Pescada Pescanova ,0.3,KG,2.44,8.13,€
4892,2023-05-12 16:02:16,congelados, Camarão Tigre Moçambique Cal.8/14 Pescanova ,0.5,KG,17.99,35.98,€
4893,2023-05-12 16:02:16,congelados, Miolo Camarão Grande Cozido Pescanova ,0.2,KG,5.99,29.95,€
4894,2023-05-12 16:02:16,congelados, Pizza Mozzarella Dr. Oetker ,0.355,KG,3.79,10.68,€
4895,2023-05-12 16:02:16,congelados, Sapateira 600/800 Congelada - Embalagem 0.6 Kg ,0.6,KG,13.99,23.32,€
4896,2023-05-12 16:02:16,congelados, Gambão Argentino Gigante 14/22 Pescanova ,0.8,KG,13.64,17.05,€
4897,2023-05-12 16:02:16,congelados, Lulinhas Pescanova ,0.5,KG,3.99,7.98,€
4898,2023-05-12 16:02:16,congelados, Nuggets de Frango com Queijo Capitão Iglo ,50.0,UN,12.99,0.26,€
4899,2023-05-12 16:02:16,congelados, Camarão Vannamei 24/40 Pescanova ,0.8,KG,9.99,12.49,€
4900,2023-05-12 16:02:16,congelados, Douradinhos Mega Pack Iglo ,50.0,UN,12.99,0.26,€
4901,2023-05-12 16:02:16,congelados, Batata Frita para Forno Chef Gourmet McCain ,0.5,KG,2.59,5.18,€
4903,2023-05-12 16:02:16,congelados, Delícias em Forma de Lagosta Congeladas Pescanova ,0.255,KG,1.94,7.61,€
4904,2023-05-12 16:02:16,congelados, Mistura de Cogumelos Silvestres Congelados Gelcampo ,0.4,KG,2.39,5.97,€
4905,2023-05-12 16:02:16,congelados, Legumes Salteados da Horta Congelados Bonduelle ,0.4,KG,2.39,5.97,€
4906,2023-05-12 16:02:16,congelados, Camarão Moçambique Médio 48/64 Pescanova ,0.8,KG,15.99,19.99,€
4908,2023-05-12 16:02:16,congelados, Camarão Moçambique Grande 32/48 Pescanova ,0.8,KG,19.19,23.99,€
4909,2023-05-12 16:02:16,congelados, Lasanha à Bolonhesa Iglo ,0.3,KG,2.26,7.53,€
4910,2023-05-12 16:02:16,congelados, Berbigão Congelado Nacional - Embalagem 500 G ,0.5,KG,2.49,4.98,€
4912,2023-05-12 16:02:16,congelados, Veggie Bowls Couscous Green Cuisine Iglo ,0.35,KG,2.99,8.54,€
4913,2023-05-12 16:02:16,congelados, Veggie Bowls Bulgur Green Cuisine Iglo ,0.35,KG,2.99,8.54,€
4914,2023-05-12 16:02:16,congelados, Veggie Bowls Trigo Sarraceno Green Cuisine Iglo ,0.35,KG,2.99,8.54,€
4915,2023-05-12 16:02:16,congelados, Pizza Massa Fina Pepperoni Iglo ,0.332,KG,3.49,10.51,€
4916,2023-05-12 16:02:16,congelados, Veggie Bowls Quinoa Green Cuisine Iglo ,0.35,KG,2.99,8.54,€
4917,2023-05-12 16:02:16,congelados, Pizza Massa Fina Fiambre e Queijo Iglo ,0.351,KG,3.49,9.94,€
4919,2023-05-12 16:02:16,congelados, Hambúrguer de Frango Big Burger Capitão Iglo ,0.227,KG,3.49,15.37,€
4920,2023-05-12 16:02:16,congelados, Peskitos de Pescada Panada Pescanova ,1.0,KG,7.89,7.89,€
4921,2023-05-12 16:02:16,congelados, Argolas do Mar Pescanova ,1.0,KG,5.99,5.99,€
4922,2023-05-12 16:02:16,congelados, Gambão para Forno Pescanova ,0.65,KG,17.99,27.68,€
4923,2023-05-12 16:02:16,congelados, Barrinhas de Pescada Pescanova ,1.2,KG,7.89,6.58,€
4924,2023-05-12 16:02:16,congelados, Filetes de Pescada Panados Pescanova ,1.0,KG,7.89,7.89,€
4925,2023-05-12 16:02:16,congelados, Argolas do Mar Pescanova ,0.4,KG,2.54,6.35,€
4929,2023-05-12 16:02:16,congelados, Camarão de Moçambique Congelado Pescanova ,0.4,KG,7.19,17.98,€
4930,2023-05-12 16:02:16,congelados, Nuggets de Pescada Pescanova ,1.0,KG,7.89,7.89,€
4932,2023-05-12 16:02:16,congelados, Lombos de Salmão Pescanova ,0.25,KG,7.79,31.16,€
4933,2023-05-12 16:02:16,congelados, Miolo de Camarão 30/50 Mar Ibérica ,0.3,KG,5.89,19.63,€
4934,2023-05-12 16:02:16,congelados, Polvo Argu's ,0.6,KG,6.99,11.65,€
4943,2023-05-12 16:02:16,congelados, Miolo de Camarão Selvagem 70/90 Congelado ,0.3,KG,4.99,16.63,€
4944,2023-05-12 16:02:16,congelados, Filetes de Pangasius Pescanova Congelados ,0.6,KG,4.49,7.48,€
4945,2023-05-12 16:02:16,congelados, Miolo de Camarão 50/70 Mar Ibérica ,0.3,KG,4.99,16.63,€
4946,2023-05-12 16:02:16,congelados, Miolo de Berbigão Congelado ,0.3,KG,5.49,18.3,€
4947,2023-05-12 16:02:16,congelados, Lula Cortada da Patagónia Pescanova ,0.4,KG,5.09,12.73,€
4948,2023-05-12 16:02:16,congelados, Seleção de Mariscos Gourmet Mar Ibérica ,0.5,KG,5.99,11.98,€
4949,2023-05-12 16:02:16,congelados, Lombos de Salmão com Pele Iglo ,0.25,KG,9.49,37.96,€
4950,2023-05-12 16:02:16,congelados, Postas de Pescada do Cabo para Fritar Congelado - Embalagem 0.7 Kg ,0.7,KG,4.23,6.04,€
4953,2023-05-12 16:02:16,congelados, Camarão Vannamei 8/16 Pescanova ,0.8,KG,17.99,22.49,€
4962,2023-05-12 16:02:16,congelados, Douradinhos de Frango Mega Pack Iglo ,1.07,KG,12.99,12.08,€
4964,2023-05-12 16:02:16,congelados, Muslitos do Mar sem Glúten Pescanova ,1.0,KG,6.31,6.31,€
4965,2023-05-12 16:02:16,congelados, Posta de Pescada do Cabo Nº3 Pescanova ,0.6,KG,3.94,6.57,€
4968,2023-05-12 16:02:16,congelados, Ervilhas Primavera Congeladas Iglo ,0.5,KG,2.82,5.64,€
4971,2023-05-12 16:02:16,congelados, Douradinhos de Peixe sem Glúten Capitão Iglo ,0.336,KG,3.76,10.44,€
4972,2023-05-12 16:02:16,congelados, Gratinado de Peixe Limão Ervas sem Glúten Iglo ,0.38,KG,3.52,9.26,€
4973,2023-05-12 16:02:16,congelados, Filetes de Robalo Iglo ,0.2,KG,5.99,29.95,€
4974,2023-05-12 16:02:16,congelados, Preparado para Arroz de Marisco sem Glúten Pescanova ,0.5,KG,4.51,9.02,€
4975,2023-05-12 16:02:16,congelados, Lombos de Pescada do Cabo Pescanova ,0.36,KG,5.17,14.36,€
4976,2023-05-12 16:02:16,congelados, Medalhões de Pescada do Cabo Pescanova Congelados ,0.4,KG,5.17,12.93,€
4977,2023-05-12 16:02:16,congelados, Preparado de Arroz de Marisco com Refogado sem Glúten Mar Ibérica ,0.8,KG,5.64,7.05,€
4980,2023-05-12 16:02:16,congelados, Medalhões de Pescado do Cabo Iglo ,1.1,KG,10.35,9.41,€
4981,2023-05-12 16:02:16,congelados, Medalhões de Pescada do Cabo Iglo ,0.5,KG,4.66,9.32,€
4982,2023-05-12 16:02:16,congelados, Delicias do Mar sem Glúten Pescanova ,0.25,KG,1.02,4.08,€
4985,2023-05-12 16:02:16,congelados, Mistura de Vegetais para Saltear Congelada Pingo Doce ,0.4,KG,1.19,2.97,€
4990,2023-05-12 16:02:16,congelados, Lasanha de Ricota e Espinafres Rana ,0.35,KG,3.99,11.4,€
4997,2023-05-12 16:02:16,congelados, Pizza Ristorante Carbonara Dr. Oetker ,0.34,KG,5.09,14.97,€
5000,2023-05-12 16:02:16,congelados, Pizza Ristorante Cogumelos Dr. Oetker ,0.365,KG,5.09,13.95,€
5003,2023-05-12 16:02:16,congelados, Pizza Ristorante Salame sem Glúten Dr. Oerker ,0.315,KG,5.55,17.62,€
5004,2023-05-12 16:02:16,congelados, Pizza Ristorante Mozzarella sem Glúten Dr. Oetker ,0.37,KG,5.55,15.0,€
5005,2023-05-12 16:02:16,congelados, Rissóis de Carne para Preparar no Forno Pingo Doce ,0.336,KG,2.99,8.9,€
5006,2023-05-12 16:02:16,congelados, Alho Picado Congelado Iglo ,0.15,KG,2.29,15.27,€
5007,2023-05-12 16:02:16,congelados, Gelado Mini Sandwich Pingo Doce ,0.51,L,2.49,4.88,€
5008,2023-05-12 16:02:16,congelados, Favas Congeladas Iglo ,0.7,KG,3.99,5.7,€
5009,2023-05-12 16:02:16,congelados, Gelado Mini 3 Chocolates Olá Magnum ,0.33,L,5.49,16.64,€
5010,2023-05-12 16:02:16,congelados, Gelado Mini Amêndoa Olá Magnum ,0.33,L,5.49,16.64,€
5011,2023-05-12 16:02:16,congelados, Gelado Cookie Dough Ben & Jerry ,0.465,L,6.79,14.6,€
5012,2023-05-12 16:02:16,congelados, Batatas Fritas Palitos Express 7 Minutos Mc Cain ,0.5,KG,3.49,6.98,€
5013,2023-05-12 16:02:16,congelados, Gelado Strawberry Cheesecake Ben & Jerry's ,0.465,L,6.79,14.6,€
5014,2023-05-12 16:02:16,congelados, Gelado de Chocolate Fudge Brownie Ben & Jerry's ,0.465,L,6.79,14.6,€
5015,2023-05-12 16:02:16,congelados, Sobremesa Cake Romantica Carte D'or ,0.75,L,7.49,9.99,€
5016,2023-05-12 16:02:16,congelados, Gelado Caramel Chew Chew Ben & Jerry ,0.465,L,6.79,14.6,€
5017,2023-05-12 16:02:16,congelados, Gelado Caramel Brownie Party Ben & Jerry ,0.465,L,6.79,14.6,€
5018,2023-05-12 16:02:16,congelados, Gelado Peanut Butter Party Ben & Jerry ,0.465,L,6.79,14.6,€
5019,2023-05-12 16:02:16,congelados, Gelado Chocolate e Caramelo Salgado Häagen-Daz ,0.46,L,6.99,15.2,€
5020,2023-05-12 16:02:16,congelados, Hambúrgueres de Vaca sem Glúten Congelados Capitão Iglo ,0.1404,KG,28.29,19.65,€
5021,2023-05-12 16:02:16,congelados, Hambúrgueres de Frango sem Glúten Congelados Capitão Iglo ,1.08,KG,28.29,26.19,€
5022,2023-05-12 16:02:16,congelados, Moelas Frango Congeladas - Embalagem 1 Kg ,1.0,KG,2.82,2.82,€
5023,2023-05-12 16:02:16,congelados, Gelado Brownie Dairy Free Pingo Doce ,0.5,L,3.29,6.58,€
5024,2023-05-12 16:02:16,congelados, Gelado Cheesecake Dairy Free Pingo Doce ,0.5,L,3.29,6.58,€
5025,2023-05-12 16:02:16,congelados, Pizza Ristorante Salame Mozzarella Pesto Dr. Oetker ,0.36,KG,5.09,14.14,€
5026,2023-05-12 16:02:16,congelados, Milho Extra Doce Congelado Iglo ,0.75,KG,3.49,4.65,€
5027,2023-05-12 16:02:16,congelados, Gelado Mini Intense Dark 70% Cacau Olá Magnum ,0.33,L,6.65,20.15,€
5028,2023-05-12 16:02:16,congelados, Batata para Forno Julienne Mccain ,0.6,KG,3.49,5.82,€
5029,2023-05-12 16:02:16,congelados, Gelado Baunilha e Caramelo Duo Häagen-Dazs ,0.35,L,6.99,19.97,€
5030,2023-05-12 16:02:16,congelados, Gelado de Chocolate e Bolacha Dairy Free Pingo Doce ,0.4,L,2.69,6.73,€
5031,2023-05-12 16:02:16,congelados, Pizza 3 Queijos Deep Pan Iglo ,0.421,KG,6.49,15.42,€
5032,2023-05-12 16:02:16,congelados, Pescada Nº5 Pescanova ,0.8,KG,14.14,17.68,€
5033,2023-05-12 16:02:16,congelados, Esparregado Congelado Iglo ,0.75,KG,4.68,6.24,€
5034,2023-05-12 16:02:16,congelados, Gelado Cookie Mix Collection Olá Magnum ,0.33,L,6.65,20.15,€
5035,2023-05-12 16:02:16,congelados, Gelado Caramelo Salgado e Brownie Ben & Jerry ,0.465,L,6.79,14.6,€
5036,2023-05-12 16:02:16,congelados, Pizza Prosciutto Dr. Oetker ,0.34,KG,5.09,14.97,€
5037,2023-05-12 16:02:16,congelados, Pizza Speciale Dr. Oetker ,0.345,KG,5.09,14.75,€
5038,2023-05-12 16:02:16,congelados, Gelado de Banana Nacional Pingo Doce ,0.24,L,2.49,10.38,€
5039,2023-05-12 16:02:16,congelados, Gelado de Coco e Manga Dairy Free Pingo Doce ,0.5,L,3.29,6.58,€
5040,2023-05-12 16:02:16,congelados, Gelado de Morango Nacional Pingo Doce ,0.24,L,2.49,10.38,€
5041,2023-05-12 16:02:16,congelados, Gelado de Baunilha Olá Carte D'or ,1.0,L,4.99,4.99,€
5042,2023-05-12 16:02:16,congelados, Gelado Mini Double Caramel Chocolate Olá Magnum ,0.36,L,6.65,18.47,€
5043,2023-05-12 16:02:16,congelados, Gelado Mini Double Caramel Olá Magnum ,0.36,L,6.65,18.47,€
5045,2023-05-12 16:02:16,congelados, Pizza Ristorante Prosciutto Funghi Congelada Dr.Oetker ,0.35,KG,5.09,14.54,€
5046,2023-05-12 16:02:16,congelados, Ervilhas Congeladas Iglo ,1.12,KG,5.65,5.02,€
5047,2023-05-12 16:02:16,congelados, Panadinhos de Frango Congelados Capitão Iglo ,0.2,KG,2.99,14.95,€
5049,2023-05-12 16:02:16,congelados, Miolo de Gambão Argentino Grande Congelado ,0.3,KG,7.79,25.97,€
5050,2023-05-12 16:02:16,congelados, Sobremesa Delícia Gelada de Morango Pingo Doce ,1.0,L,2.29,2.29,€
5051,2023-05-12 16:02:16,congelados, Mimos de Pescada do Cabo Pescanova ,1.0,KG,9.42,9.42,€
5052,2023-05-12 16:02:16,congelados, Puré de Beterraba Congelado Pingo Doce ,0.36,KG,3.49,9.69,€
5053,2023-05-12 16:02:16,congelados, Gelado Clássico Olá Cornetto ,0.54,L,5.49,10.17,€
5054,2023-05-12 16:02:16,congelados, Gelado de Chocolate Olá Cornetto ,0.54,L,5.49,10.17,€
5055,2023-05-12 16:02:16,congelados, Gelado de Morango Olá Cornetto ,0.54,L,5.49,10.17,€
5056,2023-05-12 16:02:16,congelados, Batatas Palitos Golden Long McCain ,0.75,KG,2.69,3.59,€
5057,2023-05-12 16:02:16,congelados, Gelado Almond Remix Sweet & Salty Copo Olá Magnum ,0.44,L,6.59,14.98,€
5058,2023-05-12 16:02:16,congelados, Hambúrger de Proteína Vegetal Green Cuisine Iglo ,2.0,UN,5.34,2.67,€
5059,2023-05-12 16:02:16,congelados, Gelado de Chocolate Olá Feast ,0.36,L,4.99,13.86,€
5060,2023-05-12 16:02:16,congelados, Burger Crispy de Proteína Vegetal Green Cuisine Iglo ,2.0,UN,5.34,2.67,€
5061,2023-05-12 16:02:16,congelados, Gelado de Limão Olá Fizz ,0.36,L,4.99,13.86,€
5062,2023-05-12 16:02:16,congelados, Pizza Ristorante Espinafres Dr. Oetker ,0.39,KG,5.09,13.05,€
5063,2023-05-12 16:02:16,congelados, Gelado Majestic Classic Pingo Doce ,0.48,L,1.89,3.94,€
5064,2023-05-12 16:02:16,congelados, Gelado Majestic Amêndoas Pingo Doce ,0.46,L,1.89,4.11,€
5065,2023-05-12 16:02:16,congelados, Pizza Ristorante Bolonhesa Dr. Oetker ,0.375,KG,5.09,13.57,€
5066,2023-05-12 16:02:16,congelados, Mini Pizza de Salsicha Piccolinis Buitoni ,0.27,KG,4.75,17.59,€
5067,2023-05-12 16:02:16,congelados, Gelado Clássico em Copo Olá Magnum ,0.44,L,6.14,13.95,€
5068,2023-05-12 16:02:16,congelados, Gelado de Amêndoas em Copo Olá Magnum ,0.44,L,6.14,13.95,€
5069,2023-05-12 16:02:16,congelados, Filete de Pescada do Cabo Pingo Doce ,0.4,KG,3.76,9.4,€
5072,2023-05-12 16:02:16,congelados, Gelado Olaf Frozen Olá ,0.36,L,4.99,13.86,€
5077,2023-05-12 16:02:16,congelados, Gelado de Morango Chocolate e Baunilha Mini Milk Olá ,12.0,UN,4.99,0.42,€
5078,2023-05-12 16:02:16,congelados, Gelado Double Gold Caramel Billionaire Copo Olá Magnum ,0.44,L,6.59,14.98,€
5080,2023-05-12 16:02:16,congelados, Gelado Amêndoa Remix Mini Olá Magnum ,0.33,L,6.65,20.15,€
5081,2023-05-12 16:02:16,congelados, Pizza de Peperoni e Fiambre Deep Pan Iglo ,0.415,KG,6.49,15.64,€
5082,2023-05-12 16:02:16,congelados, Pizza Snacks 3 Queijos Take Away Iglo ,0.25,KG,4.99,19.96,€
5083,2023-05-12 16:02:16,congelados, Pizza Snacks Pepperoni Take Away Iglo ,0.25,KG,4.99,19.96,€
5085,2023-05-12 16:02:16,congelados, Mini Hambúrgueres de Beterraba e sementes de Linhaça Green Cuisine Iglo ,0.27,KG,5.34,19.78,€
5086,2023-05-12 16:02:16,congelados, Hambúrgueres Mini de Batata Doce e Quinoa Green Cuisine Iglo ,0.27,KG,5.34,19.78,€
5087,2023-05-12 16:02:16,congelados, Falafel de Grão de Bico e Especiarias Green Cuisine Iglo ,0.45,KG,6.69,14.87,€
5088,2023-05-12 16:02:16,congelados, Almôndegas de Proteína Vegetal Green Cuisine Iglo ,10.0,UN,5.34,0.53,€
5091,2023-05-12 16:02:16,congelados, Preparado de Marisco sem Glúten Congelado ,0.8,KG,6.12,7.65,€
5093,2023-05-12 16:02:16,congelados, Gelado de Natas Frescas Pingo Doce ,1.0,L,2.35,2.35,€
5094,2023-05-12 16:02:16,congelados, Gelado Mini Double Starchaser Olá Magnum ,0.33,L,6.99,21.18,€
5095,2023-05-12 16:02:16,congelados, Gelado Mini Double Sunlover Olá Magnum ,0.33,L,6.99,21.18,€
5096,2023-05-12 16:02:16,congelados, Gelado Corneto Frozen Disney Olá ,0.292,L,4.99,17.09,€
5097,2023-05-12 16:02:16,congelados, Gelado Pint White Chocolate & Cookie Olá Magnum ,0.44,L,6.59,14.98,€
5098,2023-05-12 16:02:16,congelados, Gelado Pint Salted Caramelo Olá Magnum ,0.44,L,6.59,14.98,€
5099,2023-05-12 16:02:16,congelados, Tentáculos de Pota Cozidos Congelados Pescanova ,0.3,KG,4.59,15.3,€
5100,2023-05-12 16:02:16,congelados, Gelado Soft Chocolate e Cookie Cornetto Olá ,0.56,L,5.99,10.7,€
5101,2023-05-12 16:02:16,congelados, Gelado Exótico Olá Solero ,0.27,L,4.99,18.48,€
5102,2023-05-12 16:02:16,congelados, Gelado sem Lactose de Morango Pura Vida ,0.5,L,2.29,4.58,€
5103,2023-05-12 16:02:16,congelados, Empadas de Frango Campogrill ,6.0,UN,5.89,0.98,€
5104,2023-05-12 16:02:16,congelados, Batata Doce Rodelas Congelada Frip ,1.0,KG,1.79,1.79,€
5105,2023-05-12 16:02:16,congelados, Gelado Vegetal de Baunilha Pura Vida ,0.5,L,2.29,4.58,€
5106,2023-05-12 16:02:16,congelados, Crepes com Recheio de Chocolate sem Glúten Pingo Doce ,0.32,KG,3.66,11.44,€
5107,2023-05-12 16:02:16,congelados, Lombo de Atum Descongelado - Unidade 0.4 Kg ,0.4,KG,12.99,12.99,€
5108,2023-05-12 16:02:16,congelados, Perca do Nilo à Posta Congelada - Unidade 0.26 Kg ,0.26,KG,9.99,9.99,€
5109,2023-05-12 16:02:16,congelados, Mini Pizza Queijo e Fiambre Piccolinis Buitoni ,0.27,KG,4.75,17.59,€
5110,2023-05-12 16:02:16,congelados, Gelado de Caramelo Salgada e Cappuccino Häagen-Dazs ,0.46,L,6.79,16.97,€
5111,2023-05-12 16:02:16,congelados, Pizza Ristorante Salame Dr.Oetker Congelada ,0.32,KG,5.09,15.91,€
5112,2023-05-12 16:02:16,congelados, Gelado Sorbet de Morango 50% Fruta Iguarias Pingo Doce ,1.0,L,3.29,3.29,€
5113,2023-05-12 16:02:16,congelados, Camarão Panado Iguarias Pingo Doce ,0.2,KG,3.99,19.95,€
5114,2023-05-12 16:02:16,congelados, Pato com Miúdos Congelado Pingo Doce - Unidade 2.3 Kg ,2.3,KG,4.48,4.48,€
5115,2023-05-12 16:02:16,congelados, Cogumelos Laminados Congelados Pingo Doce ,0.4,KG,0.89,2.23,€
5116,2023-05-12 16:02:16,congelados, Nuggets de Frango Capitão Iglo - 50 un ,50.0,UN,12.99,0.26,€
5117,2023-05-12 16:02:16,congelados, Açaí e Guaraná sem Açúcar Native ,0.16,L,2.19,13.69,€
5118,2023-05-12 16:02:16,congelados, Gelado Barras Twix ,6.0,UN,4.09,0.68,€
5119,2023-05-12 16:02:16,congelados, Gelado Stracciatella Carte D'Or ,0.9,L,3.59,3.99,€
5120,2023-05-12 16:02:16,congelados, Gelado Vanilla Pecan Carte D'Or ,0.9,L,3.59,3.99,€
5121,2023-05-12 16:02:16,congelados, Miolo de Camarão Grande 40/60 Pescanova ,0.2,KG,3.99,19.95,€
5122,2023-05-12 16:02:16,congelados, Gelado de Cola Calippo Olá ,0.525,L,2.49,4.74,€
5123,2023-05-12 16:02:16,congelados, Gelado New York Cheesecake Carte D'Or ,0.9,L,3.59,3.99,€
5124,2023-05-12 16:02:16,congelados, Gelado Solero Exotic Olá Carte D'Or ,0.9,L,3.59,3.99,€
5125,2023-05-12 16:02:16,congelados, Gelado Frozen Olá Carte D'Or ,0.9,L,3.59,3.99,€
5126,2023-05-12 16:02:16,congelados, Gelado Feast Olá Carte D'Or ,0.9,L,3.59,3.99,€
5127,2023-05-12 16:02:16,congelados, Gelado Mania Olá Magnum ,8.0,UN,5.99,0.75,€
5128,2023-05-12 16:02:16,congelados, Potas - Unidade 0.35 Kg ,0.35,KG,3.99,3.99,€
5129,2023-05-12 16:02:16,congelados, Pão de Alho e Ervas Congelado Pingo Doce ,0.35,KG,1.5,4.29,€
5130,2023-05-12 16:02:16,congelados, Peito de Pato Congelado ,0.6,KG,16.98,16.98,€
5131,2023-05-12 16:02:16,congelados, Lombos de Bacalhau Pascoal ,0.7,KG,13.19,18.84,€
5132,2023-05-12 16:02:16,congelados, Caprichos Calamares sem Glúten Pescanova Congelados ,0.4,KG,2.15,5.38,€
5133,2023-05-12 16:02:16,congelados, Postas de Bacalhau Pascoal ,0.7,KG,6.87,9.81,€
5134,2023-05-12 16:02:16,congelados, Empadas de Galinha Congeladas Pingo Doce ,0.36,KG,3.59,9.97,€
5135,2023-05-12 16:02:16,congelados, Legumes Salteados com Quinoa Pingo Doce ,0.35,KG,1.99,5.69,€
5136,2023-05-12 16:02:16,congelados, Miolo de Camarão Gigante Pescanova ,0.25,KG,6.99,27.96,€
5137,2023-05-12 16:02:16,congelados, Lombos de Salmão Congelados - Embalagem 0.25 Kg ,0.25,KG,5.99,23.96,€
5138,2023-05-12 16:02:16,congelados, Lula Limpa Congelada Brasmar ,0.8,KG,6.99,8.74,€
5139,2023-05-12 16:02:16,congelados, Gelado de Pistachio Magnum ,0.3,L,3.29,10.97,€
5140,2023-05-12 16:02:16,congelados, Gelado Tiramisu Carte D'Or ,0.9,L,3.59,3.99,€
5141,2023-05-12 16:02:16,congelados, Lombos de Bacalhau Salga Tradicional Pescanova ,0.55,KG,12.25,22.27,€
5142,2023-05-12 16:02:16,congelados, Sardinha Congelada a Granel - Unidade 0.2 Kg ,0.2,KG,2.34,2.34,€
5143,2023-05-12 16:02:16,congelados, Camarão Selvagem 60/80 Congelado - Unidade 0.5 Kg ,0.5,KG,11.99,11.99,€
5145,2023-05-12 16:02:16,congelados, Filetes de Dourada Iglo ,0.2,KG,5.67,28.35,€
5146,2023-05-12 16:02:16,congelados, Bacalhau Desfiado Pescanova ,0.4,KG,5.45,13.62,€
5147,2023-05-12 16:02:16,congelados, Bacalhau Desfiado Pescanova ,0.85,KG,8.47,9.96,€
5148,2023-05-12 16:02:16,congelados, Caprichos do Mar sem Glúten Pescanova ,1.0,KG,5.45,5.45,€
5149,2023-05-12 16:02:16,congelados, Muslitos do Mar Pescanova Congelados ,0.25,KG,1.89,7.56,€
5150,2023-05-12 16:02:16,congelados, Miolo de Gambão 20-40 Pescanova Congelado ,0.2,KG,6.99,34.95,€
5152,2023-05-12 16:02:16,congelados, Nuggets Tipo Americano Iglo ,12.0,UN,2.99,0.25,€
5153,2023-05-12 16:02:16,congelados, Gelado Tarte de Limão Carte D'Or ,0.9,L,3.59,3.99,€
5155,2023-05-12 16:02:16,congelados, Nuggets de Frango Integrais Congelados Capitão Iglo ,0.208,KG,2.99,14.38,€
5156,2023-05-12 16:02:16,congelados, Filetes Primavera Quinoa e 4 sementes Congelados Iglo ,0.25,KG,3.74,14.96,€
5157,2023-05-12 16:02:16,congelados, Gelado de Caramelo Salgado e Amêndoa Olá Magnum ,0.27,L,3.29,12.19,€
5158,2023-05-12 16:02:16,congelados, Gelado Strawberry White Olá Magnum ,0.44,L,3.29,7.48,€
5159,2023-05-12 16:02:16,congelados, Gelado Caramelo Salgado Carte D'Or ,0.9,L,3.59,3.99,€
5160,2023-05-12 16:02:16,congelados, Gelado Morango e Merengue Carte D'Or ,0.9,L,3.59,3.99,€
5161,2023-05-12 16:02:16,congelados, Gelado de Cookies e Cream Les Desserts Carte D'Or ,0.9,L,3.59,3.99,€
5162,2023-05-12 16:02:16,congelados, Gelado Olá Carte D'Or Chocolate Brownie ,0.9,L,3.59,3.99,€
5173,2023-05-12 16:02:16,congelados, Nuggets de Proteína Vegetal Green Cuisine Iglo ,11.0,UN,3.99,0.36,€
5176,2023-05-12 16:02:16,congelados, Coxinhas de Frango para o Forno Pingo Doce ,0.36,KG,3.29,9.14,€
5177,2023-05-12 16:17:05,congelados, Leite de Coco Ayam ,0.33,L,3.79,0.01,€
5178,2023-05-12 16:17:05,leite_ovos_natas, Café Frappuccino Starbucks ,0.25,L,2.39,9.56,€
5179,2023-05-12 16:17:05,leite_ovos_natas, Café Caramel Macchiato Starbucks ,0.22,L,2.09,9.5,€
5180,2023-05-12 16:17:05,leite_ovos_natas, Café Cappuccino Starbucks ,0.22,L,2.09,9.5,€
5181,2023-05-12 16:17:05,leite_ovos_natas, Café Espresso com Leite Doubleshot Starbucks ,0.2,L,1.99,9.95,€
5182,2023-05-12 16:17:05,leite_ovos_natas, Leite de Cabra Meio Gordo Président ,1.0,L,2.55,2.55,€
5183,2023-05-12 16:17:05,leite_ovos_natas, Natas Pasteurizadas Longa Vida ,0.2,L,2.3,11.5,€
5184,2023-05-12 16:17:05,leite_ovos_natas, Leite Achocolatado Pingo Doce ,0.2,L,0.54,2.7,€
5185,2023-05-12 16:17:05,leite_ovos_natas, Natas sem Lactose Pingo Doce ,0.2,L,0.89,4.45,€
5186,2023-05-12 16:17:05,leite_ovos_natas, Leite UHT Proteico de Chocolate YoPro ,0.25,KG,1.49,5.96,€
5187,2023-05-12 16:17:05,leite_ovos_natas, Leite UHT Proteico de Baunilha YoPro ,0.25,KG,1.49,5.96,€
5188,2023-05-12 16:17:05,leite_ovos_natas, Leite UHT Achocolatado Pingo Doce ,0.2,L,0.31,1.55,€
5189,2023-05-12 16:17:05,leite_ovos_natas, Cappuccino Go Chill Delta ,0.23,L,1.89,8.22,€
5190,2023-05-12 16:17:05,leite_ovos_natas, Caffe Latte Go Chill Delta ,0.23,L,1.89,8.22,€
5191,2023-05-12 16:17:05,leite_ovos_natas, Cappuccino com Aveia Go Chill Delta ,0.23,L,1.99,8.65,€
5192,2023-05-12 16:17:05,leite_ovos_natas, Natas Frescas Pingo Doce ,0.2,L,1.39,6.95,€
5193,2023-05-12 16:17:05,leite_ovos_natas, Leite Achocolatado sem Lactose Pingo Doce ,0.2,L,0.46,2.3,€
5194,2023-05-12 16:17:05,leite_ovos_natas, Natas UHT para Bater Pingo Doce ,0.2,L,0.76,3.8,€
5195,2023-05-12 16:17:05,leite_ovos_natas, Natas Light UHT para Culinária Pingo Doce ,0.2,L,0.72,3.6,€
5196,2023-05-12 16:17:05,leite_ovos_natas, Ovos de Codorniz Pingo Doce ,12.0,UN,1.3,0.11,€
5197,2023-05-12 16:17:05,leite_ovos_natas, Leite Original Copo Cacaolat ,0.2,L,1.49,7.45,€
5198,2023-05-12 16:17:05,leite_ovos_natas, Café com Leite Capuccino Kaiku ,0.23,L,1.59,6.91,€
5199,2023-05-12 16:17:05,leite_ovos_natas, Café com Leite Light Kaiku ,0.23,L,1.59,6.91,€
5200,2023-05-12 16:17:05,leite_ovos_natas, Natas Frescas Crème Fraîche President ,0.2,L,1.99,9.95,€
5201,2023-05-12 16:17:05,leite_ovos_natas, Leite com Chocolate Shake em Copo Milka ,0.2,L,2.35,11.75,€
5202,2023-05-12 16:17:05,leite_ovos_natas, Milkshake com Topping Oreo Milka ,0.2,L,2.55,12.75,€
5203,2023-05-12 16:17:05,leite_ovos_natas, Molho Béchamel Pingo Doce ,0.5,L,1.59,3.18,€
5204,2023-05-12 16:17:05,leite_ovos_natas, Ovo Líquido Dovo ,0.5,KG,2.29,4.58,€
5205,2023-05-12 16:17:05,leite_ovos_natas, Molho Béchamel Parmalat ,0.5,L,2.43,4.86,€
5206,2023-05-12 16:17:05,leite_ovos_natas, Natas UHT Culinária com Caril Parmalat ,0.2,L,1.39,6.95,€
5207,2023-05-12 16:17:05,leite_ovos_natas, Natas UHT 0% Lactose para Culinária Parmalat ,0.2,L,1.45,7.25,€
5208,2023-05-12 16:17:05,leite_ovos_natas, Natas UHT para Bater Parmalat ,0.5,L,2.7,5.4,€
5209,2023-05-12 16:17:05,leite_ovos_natas, Molho Béchamel Levíssima Parmalat ,0.5,L,2.43,4.86,€
5210,2023-05-12 16:17:05,leite_ovos_natas, Natas UHT para Bater Parmalat ,0.2,L,1.23,6.15,€
5211,2023-05-12 16:17:05,leite_ovos_natas, Molho Béchamel Parmalat ,0.2,L,1.19,5.95,€
5212,2023-05-12 16:17:05,leite_ovos_natas, Natas para Carbonara Parmalat ,0.2,L,1.39,6.95,€
5213,2023-05-12 16:17:05,leite_ovos_natas, Natas UHT com Ervas Aromáticas Parmalat ,0.2,L,1.39,6.95,€
5214,2023-05-12 16:17:05,leite_ovos_natas, Natas UHT com Cogumelos Parmalat ,0.2,L,1.39,6.95,€
5215,2023-05-12 16:17:05,leite_ovos_natas, Natas com 3 Pimentas Parmalat ,0.2,L,1.39,6.95,€
5216,2023-05-12 16:17:05,leite_ovos_natas, Natas UHT Levíssima Parmalat ,0.2,L,1.23,6.15,€
5217,2023-05-12 16:17:05,leite_ovos_natas, Natas 3 Queijos Parmalat ,0.2,L,1.39,6.95,€
5218,2023-05-12 16:17:05,leite_ovos_natas, Natas UHT para Bater sem Lactose Parmalat ,0.2,L,1.45,7.25,€
5219,2023-05-12 16:17:05,leite_ovos_natas, Molho Béchamel sem Glúten Parmalat ,0.5,L,2.96,5.92,€
5220,2023-05-12 16:17:05,leite_ovos_natas, Natas UHT para Culinária Parmalat ,0.2,L,1.23,6.15,€
5221,2023-05-12 16:17:05,leite_ovos_natas, Chantilly Royal ,0.072,KG,1.99,27.64,€
5222,2023-05-12 16:17:05,leite_ovos_natas, Leite Achocolatado Milka - Pack 3 ,0.6,KG,2.69,4.48,€
5223,2023-05-12 16:17:05,leite_ovos_natas, Leite UHT Meio Gordo Pingo Doce ,1.0,L,0.81,0.81,€
5224,2023-05-12 16:17:05,leite_ovos_natas, Leite UHT Gordo Pingo Doce ,1.0,L,0.98,0.98,€
5225,2023-05-12 16:17:05,leite_ovos_natas, Leite UHT Magro Pingo Doce ,1.0,L,0.81,0.81,€
5226,2023-05-12 16:17:05,leite_ovos_natas, Ovos Biológiocos M/L Pingo Doce ,6.0,UN,2.25,0.38,€
5227,2023-05-12 16:17:05,leite_ovos_natas, Ovos M/L Ar Livre Pingo Doce ,6.0,UN,1.5,0.25,€
5228,2023-05-12 16:17:05,leite_ovos_natas, Ovos de Solo Classe M Pingo Doce ,6.0,UN,1.31,0.22,€
5229,2023-05-12 16:17:05,leite_ovos_natas, Leite UHT Meio Gordo Pingo Doce ,0.2,L,0.3,1.5,€
5230,2023-05-12 16:17:05,leite_ovos_natas, Leite UHT Magro sem Lactose Pingo Doce ,0.2,L,0.41,2.05,€
5231,2023-05-12 16:17:05,leite_ovos_natas, Leite UHT Magro sem Lactose Pingo Doce ,1.0,L,1.01,1.01,€
5232,2023-05-12 16:17:05,leite_ovos_natas, Leite UHT Meio Gordo sem Lactose Pingo Doce ,1.0,L,1.01,1.01,€
5233,2023-05-12 16:17:05,leite_ovos_natas, Leite Fresco Meio Gordo sem Lactose Pingo Doce ,1.0,L,1.03,1.03,€
5234,2023-05-12 16:17:05,leite_ovos_natas, Leite UHT Meio Gordo sem Lactose Pingo Doce ,0.2,L,0.41,2.05,€
5235,2023-05-12 16:17:05,leite_ovos_natas, Leite UHT Gordo Gresso ,1.0,L,1.07,1.07,€
5236,2023-05-12 16:17:05,leite_ovos_natas, Ovos Biológicos Classe M Natura ,6.0,UN,2.87,0.48,€
5237,2023-05-12 16:17:05,leite_ovos_natas, Leite Pasteurizado Fresco Meio Gordo Pingo Doce ,1.0,L,0.91,0.91,€
5238,2023-05-12 16:17:05,leite_ovos_natas, Leite Pasteurizado Fresco Magro Pingo Doce ,1.0,L,0.91,0.91,€
5239,2023-05-12 16:17:05,leite_ovos_natas, Leite UHT Magro Pingo Doce ,0.2,L,0.3,1.5,€
5240,2023-05-12 16:17:05,leite_ovos_natas, Ovos de Solo Classe L Pingo Doce ,6.0,UN,1.4,0.23,€
5241,2023-05-12 16:17:05,leite_ovos_natas, Bebida de Amêndoa 0% Shoyce ,0.2,L,0.68,3.4,€
5242,2023-05-12 16:17:05,leite_ovos_natas, Leite em Pó Gordo Nido Nestlé ,0.68,KG,10.55,15.51,€
5243,2023-05-12 16:17:05,leite_ovos_natas, Leite UHT Seleccionado Meio Gordo Pingo Doce ,1.0,L,0.91,0.91,€
5244,2023-05-12 16:17:05,leite_ovos_natas, Leite UHT Seleccionado Magro Pingo Doce ,1.0,L,0.91,0.91,€
5245,2023-05-12 16:17:05,leite_ovos_natas, Molho Béchamel Pingo Doce ,0.2,L,0.99,4.95,€
5246,2023-05-12 16:17:05,leite_ovos_natas, Leite UHT Achocolatado Ucal - Pack 3 ,0.75,L,3.15,4.2,€
5247,2023-05-12 16:17:05,leite_ovos_natas, Leite UHT Achocolatado Ucal ,1.0,L,3.06,3.06,€
5248,2023-05-12 16:17:05,leite_ovos_natas, Natas UHT Gresso ,0.2,L,0.89,4.45,€
5249,2023-05-12 16:17:05,leite_ovos_natas, Leite UHT Meio Gordo Premium Ucal ,0.25,L,0.92,3.68,€
5250,2023-05-12 16:17:05,leite_ovos_natas, Leite UHT de Pastagem Meio Gordo Ucal ,1.0,L,1.19,1.19,€
5251,2023-05-12 16:17:05,leite_ovos_natas, Natas UHT Cremosas Mimosa ,0.2,L,0.99,4.95,€
5252,2023-05-12 16:17:05,leite_ovos_natas, Leite UHT Meio Gordo Mimosa - Pack 3 ,0.6,L,1.12,1.87,€
5253,2023-05-12 16:17:05,leite_ovos_natas, Leite UHT Achocolatado sem Lactose Agros - Pack 4 ,0.8,L,2.34,2.93,€
5254,2023-05-12 16:17:05,leite_ovos_natas, Chantilly Mimosa ,0.25,KG,2.99,11.96,€
5255,2023-05-12 16:17:05,leite_ovos_natas, Leite UHT Meio Gordo Agros - Pack 3 ,0.6,L,1.12,1.87,€
5256,2023-05-12 16:17:05,leite_ovos_natas, Leite UHT Magro Achocolatado Mimosa - Pack 4 ,0.8,L,2.19,2.74,€
5257,2023-05-12 16:17:05,leite_ovos_natas, Leite UHT Magro Mimosa - Pack 3 ,0.6,L,1.12,1.87,€
5258,2023-05-12 16:17:05,leite_ovos_natas, Ovos de Solo Classe M Pingo Doce ,12.0,UN,2.21,0.18,€
5259,2023-05-12 16:17:05,leite_ovos_natas, Ovos de Solo Classe L Pingo Doce ,12.0,UN,2.34,0.19,€
5260,2023-05-12 16:17:05,leite_ovos_natas, Leite UHT Achocolatado Agros ,1.0,L,1.89,1.89,€
5261,2023-05-12 16:17:05,leite_ovos_natas, Leite UHT Meio Gordo sem Lactose Bem Especial Mimosa ,0.8,L,1.97,2.46,€
5262,2023-05-12 16:17:05,leite_ovos_natas, Leite UHT Meio Gordo Especial Cálcio Mimosa - Pack 4 ,0.8,L,1.99,2.49,€
5263,2023-05-12 16:17:05,leite_ovos_natas, Leite UHT Gordo Bem Essencial Mimosa ,1.0,L,1.12,1.12,€
5264,2023-05-12 16:17:05,leite_ovos_natas, Leite UHT Achocolatado Agros - Pack 4 ,0.8,L,1.69,2.11,€
5265,2023-05-12 16:17:05,leite_ovos_natas, Leite UHT Achocolatado Mimosa - Pack 4 ,0.8,L,1.69,2.11,€
5266,2023-05-12 16:17:05,leite_ovos_natas, Natas Pasteurizadas Mimosa ,0.2,L,1.89,9.45,€
5267,2023-05-12 16:17:05,leite_ovos_natas, Ovos de Solo Classe XL Pingo Doce ,6.0,UN,1.97,0.33,€
5268,2023-05-12 16:17:05,leite_ovos_natas, Leite UHT Meio Gordo sem Lactose Agros ,1.0,L,1.21,1.21,€
5269,2023-05-12 16:17:05,leite_ovos_natas, Leite UHT Meio Gordo Achocolatado sem Lactose Bem Especial Mimosa ,0.2,L,0.59,2.95,€
5270,2023-05-12 16:17:05,leite_ovos_natas, Leite UHT Magro sem Lactose Pura Vida ,1.0,L,1.49,1.49,€
5271,2023-05-12 16:17:05,leite_ovos_natas, Leite UHT Meio Gordo 0% Lactose Ucal ,1.0,L,1.76,1.76,€
5272,2023-05-12 16:17:05,leite_ovos_natas, Leite UHT Magro Gresso ,1.0,L,0.88,0.88,€
5273,2023-05-12 16:17:05,leite_ovos_natas, Leite UHT Magro Matinal ,1.0,L,1.02,1.02,€
5274,2023-05-12 16:17:05,leite_ovos_natas, Leite UHT Meio Gordo Matinal ,1.0,L,1.02,1.02,€
5275,2023-05-12 16:17:05,leite_ovos_natas, Leite UHT Meio Gordo sem Lactose Bem Especial Mimosa ,1.0,L,1.27,1.27,€
5276,2023-05-12 16:17:05,leite_ovos_natas, Leite UHT Magro 0% Lactose Ucal ,1.0,L,1.76,1.76,€
5277,2023-05-12 16:17:05,leite_ovos_natas, Natas UHT sem Lactose Mimosa ,0.2,L,1.09,5.45,€
5278,2023-05-12 16:17:05,leite_ovos_natas, Leite UHT Galão Ucal ,1.0,L,2.0,2.0,€
5279,2023-05-12 16:17:05,leite_ovos_natas, Molho de Natas para Peixes Mimosa ,0.2,L,1.19,5.95,€
5280,2023-05-12 16:17:05,leite_ovos_natas, Molho de Natas para Carne Mimosa ,0.2,L,1.19,5.95,€
5281,2023-05-12 16:17:05,leite_ovos_natas, Leite UHT Achocolatado Gresso  - Pack 4 ,0.8,L,1.59,7.95,€
5282,2023-05-12 16:17:05,leite_ovos_natas, Natas UHT Agros ,0.2,L,0.97,4.85,€
5283,2023-05-12 16:17:05,leite_ovos_natas, Leite UHT Magro sem Lactose Bem Especial Mimosa ,1.0,L,1.27,1.27,€
5284,2023-05-12 16:17:05,leite_ovos_natas, Natas sem Lactose Mimosa ,0.2,L,1.09,5.45,€
5285,2023-05-12 16:17:05,leite_ovos_natas, Molho de Nata para Massas Mimosa ,0.2,L,1.19,5.95,€
5286,2023-05-12 16:17:05,leite_ovos_natas, Leite UHT Meio Gordo Pastagem Nova Açores ,1.0,L,1.12,1.12,€
5287,2023-05-12 16:17:05,leite_ovos_natas, Leite UHT Magro Pastagem Nova Açores ,1.0,L,1.12,1.12,€
5288,2023-05-12 16:17:05,leite_ovos_natas, Leite UHT Meio Gordo sem Lactose Nova Açores ,1.0,L,1.45,1.45,€
5289,2023-05-12 16:17:05,leite_ovos_natas, Leite de Pastagem UHT Inteiro Terra Nostra ,1.0,L,1.12,1.12,€
5290,2023-05-12 16:17:05,leite_ovos_natas, Leite UHT Magro de Pastagem Biológico Milhafre dos Açores ,1.0,L,1.31,1.31,€
5291,2023-05-12 16:17:05,leite_ovos_natas, Leite UHT com Morango Lanchinho Booom Bem Essencial Mimosa ,0.8,L,1.99,2.49,€
5292,2023-05-12 16:17:05,leite_ovos_natas, Leite UHT Meio Gordo Gresso ,1.0,L,0.88,0.88,€
5293,2023-05-12 16:17:05,leite_ovos_natas, Molho Béchamel Mimosa ,0.5,L,1.99,3.98,€
5294,2023-05-12 16:17:05,leite_ovos_natas, Leite UHT Infantil sem Lactose Cuida Bem Mimosa - Pack 4 ,0.8,L,2.19,2.74,€
5295,2023-05-12 16:17:05,leite_ovos_natas, Leite de Pastagem UHT Biológico Meio Gordo Terra Nostra ,1.0,L,1.4,1.4,€
5296,2023-05-12 16:17:05,leite_ovos_natas, Leite UHT Magro Agros ,1.0,L,0.9,0.9,€
5297,2023-05-12 16:17:05,leite_ovos_natas, Leite UHT Meio Gordo Agros ,1.0,L,0.9,0.9,€
5298,2023-05-12 16:17:05,leite_ovos_natas, Leite UHT Galão Ucal - Pack 3 ,0.6,L,2.49,4.15,€
5299,2023-05-12 16:17:05,leite_ovos_natas, Leite UHT Meio Gordo de Pastagem Biológico Milhafre ,1.0,L,1.31,1.31,€
5300,2023-05-12 16:17:05,leite_ovos_natas, Leite UHT Meio Gordo 0% Lactose Ucal - Pack 3 ,0.6,L,1.92,3.2,€
5301,2023-05-12 16:17:05,leite_ovos_natas, Leite em Pó Magro Molico ,0.38,KG,5.74,15.11,€
5302,2023-05-12 16:17:05,leite_ovos_natas, Leite UHT com Banana e Pêra Lanchinho Booom Bem Essencial Mimosa ,0.8,L,1.99,2.49,€
5303,2023-05-12 16:17:05,leite_ovos_natas, Leite UHT Meio Gordo Biológico Prado Verde ,1.0,L,1.11,1.11,€
5304,2023-05-12 16:17:05,leite_ovos_natas, Leite Pasteurizado sem Lactose Meio Gordo Vigor ,1.0,L,1.07,1.07,€
5305,2023-05-12 16:17:05,leite_ovos_natas, Leite UHT Magro Leve Matinal ,1.0,L,0.99,0.99,€
5306,2023-05-12 16:17:05,leite_ovos_natas, Leite UHT Meio Gordo Nova Açores ,1.0,L,0.92,0.92,€
5307,2023-05-12 16:17:05,leite_ovos_natas, Leite UHT Meio Gordo Bem Essencial Mimosa ,1.0,L,0.88,0.88,€
5308,2023-05-12 16:17:05,leite_ovos_natas, Leite UHT Magro Bem Essencial Mimosa ,1.0,L,0.88,0.88,€
5309,2023-05-12 16:17:05,leite_ovos_natas, Leite de Pastagem UHT Magro Terra Nostra ,1.0,L,0.87,0.87,€
5310,2023-05-12 16:17:05,leite_ovos_natas, Leite de Pastagem UHT Meio Gordo Terra Nostra ,1.0,L,0.87,0.87,€
5311,2023-05-12 16:17:05,leite_ovos_natas, Leite UHT de Pastagem Meio Gordo Milhafre dos Açores ,1.0,L,0.89,0.89,€
5312,2023-05-12 16:17:05,leite_ovos_natas, Leite UHT de Pastagem Magro Milhafre ,1.0,L,0.89,0.89,€
5313,2023-05-12 16:17:05,leite_ovos_natas, Leite Pasteurizado Magro Vigor ,1.0,L,0.92,0.92,€
5314,2023-05-12 16:17:05,leite_ovos_natas, Leite Pasteurizado Gordo Vigor ,1.0,L,0.92,0.92,€
5315,2023-05-12 16:17:05,leite_ovos_natas, Leite Pasteurizado Meio Gordo Vigor ,1.0,L,0.92,0.92,€
5316,2023-05-12 16:17:05,leite_ovos_natas, Leite UHT Magro Bem Especial Cálcio Mimosa ,1.0,L,0.98,0.98,€
5317,2023-05-12 16:17:05,leite_ovos_natas, Leite UHT Meio Gordo Bem Especial Cálcio Mimosa ,1.0,L,0.98,0.98,€
5318,2023-05-12 16:17:05,leite_ovos_natas, Leite UHT Magro Leve Matinal ,0.2,L,0.45,2.25,€
5319,2023-05-12 16:17:05,leite_ovos_natas, Natas UHT Cremosas Light Mimosa ,0.2,L,0.89,4.45,€
5320,2023-05-12 16:17:05,leite_ovos_natas, Natas UHT Ligeiras para Culinária Mimosa ,0.2,L,0.89,4.45,€
5321,2023-05-12 16:17:05,leite_ovos_natas, Leite UHT Achocolatado 0% Lactose Ucal - Pack 6 ,1.5,L,6.69,4.46,€
5322,2023-05-12 16:17:05,leite_ovos_natas, Leite UHT Achocolatado Zero Ucal - Pack 6 ,1.5,L,5.99,3.99,€
5323,2023-05-12 16:17:05,leite_ovos_natas, Leite UHT Achocolatado Ucal - Pack 6 ,0.15,L,5.99,3.99,€
5324,2023-05-12 16:17:05,leite_ovos_natas, Leite Pasteurizado com Chocolate Vigor ,0.8,L,1.98,2.48,€
5325,2023-05-12 16:17:05,leite_ovos_natas, Leite Proteína Mimosa ,1.0,L,1.99,1.99,€
5326,2023-05-12 16:17:05,leite_ovos_natas, Leite UHT Magro com Coco sem Lactose Mimosa Bem Especial ,1.0,L,1.35,1.35,€
5327,2023-05-12 16:17:05,leite_ovos_natas, Leite UHT Meio Gordo sem Lactose Gresso ,1.0,L,1.01,1.01,€
5328,2023-05-12 16:17:05,leite_ovos_natas, Leite UHT Magro sem Lactose Gresso ,1.0,L,1.01,1.01,€
5329,2023-05-12 16:17:05,leite_ovos_natas, Leite de Café com Proteína sem Lactose Mimosa ,0.75,L,2.49,3.32,€
5330,2023-05-12 16:17:05,leite_ovos_natas, Ovos Classe M/L Ar Livre Matinados ,6.0,UN,1.44,0.24,€
5331,2023-05-12 16:17:05,leite_ovos_natas, Leite UHT Magro com Amêndoa sem Lactose Bem Especial Mimosa ,1.0,L,1.35,1.35,€
5332,2023-05-12 16:17:05,leite_ovos_natas, Leite Meio Gordo Vigor ,1.0,L,1.78,1.78,€
5333,2023-05-12 16:17:05,leite_ovos_natas, Leite UHT Magro com Aveia sem Lactose Mimosa Bem Especial ,1.0,L,1.35,1.35,€
5334,2023-05-12 16:17:05,leite_ovos_natas, Chantifix Vahiné ,0.02,KG,1.34,67.0,€
5335,2023-05-12 16:17:05,leite_ovos_natas, Leite de Cacau com Proteína sem Lactose Mimosa ,0.75,L,2.49,3.32,€
5336,2023-05-12 16:17:05,leite_ovos_natas, Chantilly Président ,0.25,KG,2.79,11.16,€
5337,2023-05-12 16:17:05,leite_ovos_natas, Leite UHT Achocolatado Agros - Pack 8 ,1.6,L,2.56,1.6,€
5338,2023-05-12 16:32:53,leite_ovos_natas, Sumo de Ananás Espremido Pingo Doce ,0.75,L,1.49,1.99,€
5339,2023-05-12 16:32:53,frigorífico, Sumo 100% Fruta Espremida Uva Framboesa e Cereja Pingo Doce ,0.75,L,1.69,2.25,€
5340,2023-05-12 16:32:53,frigorífico, Sumo Natural de Laranja e Maçã Pingo Doce ,0.75,L,1.89,2.52,€
5341,2023-05-12 16:32:53,frigorífico, Sumo Natural de Maçã e Cenoura Pingo Doce ,0.75,L,1.89,2.52,€
5342,2023-05-12 16:32:53,frigorífico, Sumo Natural de Maçã Pingo Doce ,0.75,L,1.89,2.52,€
5343,2023-05-12 16:32:53,frigorífico, Pizza Fresca Capricciosa Pingo Doce ,0.415,KG,2.49,6.0,€
5344,2023-05-12 16:32:53,frigorífico, Gelatina de Morango Pingo Doce ,0.4,KG,0.99,2.47,€
5345,2023-05-12 16:32:53,frigorífico, Banha de Porco Pingo Doce ,0.23,KG,0.89,3.87,€
5346,2023-05-12 16:32:53,frigorífico, Gelatina de Morango 10kcal Pingo Doce ,0.4,KG,1.29,3.23,€
5347,2023-05-12 16:32:53,frigorífico, Cheeseburgers Pingo Doce ,0.3,KG,2.49,8.3,€
5348,2023-05-12 16:32:53,frigorífico, Chickenburgers Pingo Doce ,0.27,KG,2.49,9.22,€
5349,2023-05-12 16:32:53,frigorífico, Arroz Doce Avó Filó ,0.3,KG,2.35,7.83,€
5350,2023-05-12 16:32:53,frigorífico, Guacamole Pingo Doce ,0.15,KG,1.99,13.27,€
5351,2023-05-12 16:32:53,frigorífico, Cannelloni de Espinafres com Ricotta Pingo Doce ,1.0,KG,5.49,5.49,€
5352,2023-05-12 16:32:53,frigorífico, Sobremesa Leite Creme com Bolacha Reina ,0.5,KG,2.58,5.16,€
5353,2023-05-12 16:32:53,frigorífico, Massa Quebrada Pingo Doce ,0.23,KG,0.99,4.3,€
5354,2023-05-12 16:32:53,frigorífico, Cannelloni Bolonhesa Pingo Doce ,1.0,KG,5.49,5.49,€
5355,2023-05-12 16:32:53,frigorífico, Fettuccini com Cogumelos Tutti Pasta ,0.35,KG,2.85,8.14,€
5356,2023-05-12 16:32:53,frigorífico, Pizza Fresca de Presunto Serrano Pingo Doce ,0.39,KG,2.79,7.15,€
5357,2023-05-12 16:32:53,frigorífico, Pizza Fresca de Frango Pingo Doce ,0.4,KG,2.79,6.98,€
5358,2023-05-12 16:32:53,frigorífico, Pizza Fresca Pepperoni Pingo Doce ,0.41,KG,2.79,6.8,€
5359,2023-05-12 16:32:53,frigorífico, Rosca de Presunto e Queijo Pingo Doce ,0.45,KG,3.49,7.76,€
5360,2023-05-12 16:32:53,frigorífico, Massa Folhada Pasta do Dia ,0.23,KG,2.09,9.09,€
5361,2023-05-12 16:32:53,frigorífico, Massa Quebrada Pasta do Dia ,0.23,KG,2.09,9.09,€
5362,2023-05-12 16:32:53,frigorífico, Lasanha Bolonhesa Pingo Doce ,1.0,KG,4.49,4.49,€
5363,2023-05-12 16:32:53,frigorífico, Massa para Pizza Refrigerada Pingo Doce ,0.26,KG,0.99,3.81,€
5364,2023-05-12 16:32:53,frigorífico, Pizza Fresca de Queijo e Fiambre Pingo Doce ,0.41,KG,2.49,6.07,€
5365,2023-05-12 16:32:53,frigorífico, Pudim Flan de Baunilha Pingo Doce ,0.6,KG,1.19,1.98,€
5366,2023-05-12 16:32:53,frigorífico, Mousse de Chocolate Pingo Doce ,0.24,KG,0.99,4.13,€
5367,2023-05-12 16:32:53,frigorífico, Pizza Fresca Carbonara Pingo Doce ,0.4,KG,2.79,6.98,€
5368,2023-05-12 16:32:53,frigorífico, Massa Folhada Refrigerada Pingo Doce ,0.23,KG,0.99,4.3,€
5369,2023-05-12 16:32:53,frigorífico, Shot de Espirulina Botanic Pingo Doce ,0.125,L,0.99,7.92,€
5370,2023-05-12 16:32:53,frigorífico, Shot de Romã Vitamina Pingo Doce ,0.125,L,0.99,7.92,€
5371,2023-05-12 16:32:53,frigorífico, Shot de Laranja e Gengibre Vitamina Pingo Doce ,0.125,L,0.99,7.92,€
5372,2023-05-12 16:32:53,frigorífico, Toucinho do Céu Pingo Doce ,0.2,KG,0.99,4.95,€
5373,2023-05-12 16:32:53,frigorífico, Gelatina de Morango 10 Kcal Royal ,0.72,KG,3.85,5.35,€
5374,2023-05-12 16:32:53,frigorífico, Gelatina de Ananás Royal ,0.36,KG,1.99,5.53,€
5375,2023-05-12 16:32:53,frigorífico, Gelatina de Melancia Royal ,0.36,KG,1.99,5.53,€
5376,2023-05-12 16:32:53,frigorífico, Massa para Pizza Pasta do Dia ,0.23,KG,2.39,10.39,€
5377,2023-05-12 16:32:53,frigorífico, Smoothie Frutos Vermelhos Pingo Doce ,0.33,L,1.19,3.61,€
5378,2023-05-12 16:32:53,frigorífico, Pudim Proteico Caramelo Go Active Pingo Doce ,0.2,KG,0.99,4.95,€
5379,2023-05-12 16:32:53,frigorífico, Sumo de Laranja 100% Fruta Pingo Doce ,0.33,L,0.89,2.7,€
5380,2023-05-12 16:32:53,frigorífico, Limonada de Frutos Vermelhos Pingo Doce ,0.75,L,1.49,1.99,€
5381,2023-05-12 16:32:53,frigorífico, Limonada Clássica Fruit Love Pingo Doce ,0.75,L,1.29,1.72,€
5382,2023-05-12 16:32:53,frigorífico, Bloco Anti-Traça Lavanda Ultra Pro ,2.0,UN,1.99,1.0,€
5383,2023-05-12 16:32:53,frigorífico, Smoothie 100% Fruta Frutos Tropicais Pingo Doce ,0.75,L,1.59,2.12,€
5384,2023-05-12 16:32:53,frigorífico, Smoothie 100% Fruta Ananás e Coco Pingo Doce ,0.75,L,1.59,2.12,€
5385,2023-05-12 16:32:53,frigorífico, Manteiga Ghee Biológica Naturefoods ,0.23,KG,8.99,39.09,€
5386,2023-05-12 16:32:53,frigorífico, Pudim Proteico Chocolate Go Active Pingo Doce ,0.2,KG,0.99,4.95,€
5387,2023-05-12 16:32:53,frigorífico, Pudim Flan de Ovo Pingo Doce ,0.4,KG,1.59,3.98,€
5388,2023-05-12 16:32:53,frigorífico, Pizza Calzone de Frango Pingo Doce ,0.315,KG,2.39,7.59,€
5389,2023-05-12 16:32:53,frigorífico, Pizza Fresca 4 Queijos Pingo Doce ,0.39,KG,2.79,7.15,€
5390,2023-05-12 16:32:53,frigorífico, Sumo de Uva Maçã e Canela Pingo Doce ,0.75,L,1.79,2.39,€
5391,2023-05-12 16:32:53,frigorífico, Sobremesa Láctea de Baunilha Pingo Doce - Pack 4 ,0.5,KG,1.19,2.38,€
5392,2023-05-12 16:32:53,frigorífico, Sobremesa Láctea de Chocolate Pingo Doce - Pack 4 ,0.5,KG,1.19,2.38,€
5393,2023-05-12 16:32:53,frigorífico, Ovo Líquido Dovo ,0.5,KG,2.29,4.58,€
5394,2023-05-12 16:32:53,frigorífico, Gelatina de Ananás Pingo Doce ,0.4,KG,0.99,2.47,€
5395,2023-05-12 16:32:53,frigorífico, Smoothie+ Açaí Mix Pingo Doce ,0.25,L,0.99,3.96,€
5396,2023-05-12 16:32:53,frigorífico, Super Smoothie Vitamin Love Manga e Goji Pingo Doce ,0.25,L,0.99,3.96,€
5397,2023-05-12 16:32:53,frigorífico, Super Smoothie Vitamin Love Mirtilo e Romã Pingo Doce ,0.25,L,0.99,3.96,€
5398,2023-05-12 16:32:53,frigorífico, Sumo de Maçã Limão e Hortelã Pingo Doce ,0.25,L,1.49,5.96,€
5399,2023-05-12 16:32:53,frigorífico, Sumo Natural Maçã Cenoura Gengibre e Limão Veggie Pingo Doce ,0.25,L,1.49,5.96,€
5400,2023-05-12 16:32:53,frigorífico, Sumo Natural Maçã Banana Pepino e Espinafres Veggie Pingo Doce ,0.25,L,1.49,5.96,€
5401,2023-05-12 16:32:53,frigorífico, Sumo Natural Maçã Cenoura Beterraba e Limão Veggie Pingo Doce ,0.25,L,1.49,5.96,€
5402,2023-05-12 16:32:53,frigorífico, Sumo Natural de Maçã Pingo Doce ,0.25,L,0.99,3.96,€
5403,2023-05-12 16:32:53,frigorífico, Sumo Natural de Maçã e Cenoura Pingo Doce ,0.25,L,0.99,3.96,€
5404,2023-05-12 16:32:53,frigorífico, Sumo Natural de Laranja e Maçã Pingo Doce ,0.25,L,0.99,3.96,€
5405,2023-05-12 16:32:53,frigorífico, Smoothie+ Linhaça e Frutos Tropicais Pingo Doce ,0.25,L,0.99,3.96,€
5406,2023-05-12 16:32:53,frigorífico, Smoothie+ Canela e Quinoa Pingo Doce ,0.25,L,0.99,3.96,€
5407,2023-05-12 16:32:53,frigorífico, Queijo de Ovelha 12 Meses de Cura Serramonte ,1.1,KG,22.63,22.63,€
5408,2023-05-12 16:32:53,frigorífico, Queijo de Ovelha e Vaca Curado Sabores da Soalheira - Unidade 0.51 Kg ,0.51,KG,12.63,12.63,€
5409,2023-05-12 16:32:53,frigorífico, Queijo Creme Queru Real Eru ,0.1,KG,1.65,16.5,€
5410,2023-05-12 16:32:53,frigorífico, Gordura Vegetal de Palma Guinea's ,0.4,L,2.8,7.0,€
5411,2023-05-12 16:32:53,frigorífico, Queijo Flamengo Bola Metade Limiano ,0.65,KG,7.44,11.45,€
5412,2023-05-12 16:32:53,frigorífico, Queijo Flamengo Bola Quarto Limiano ,0.325,KG,3.76,11.57,€
5413,2023-05-12 16:32:53,frigorífico, Iogurte Bifidus Natural Pingo Doce (min. 4 un) ,0.125,KG,0.27,2.16,€
5414,2023-05-12 16:32:53,frigorífico, Queijo Mozzarella Fatiado Pingo Doce ,0.2,KG,1.87,9.35,€
5415,2023-05-12 16:32:53,frigorífico, Iogurte Grego Natural Pingo Doce ,0.5,KG,1.69,3.38,€
5416,2023-05-12 16:32:53,frigorífico, Queijo Fresco de Cabra Pingo Doce ,0.13,KG,1.5,11.54,€
5417,2023-05-12 16:32:53,frigorífico, Iogurte Natural Pingo Doce (min. 4 un) ,0.125,KG,0.18,1.44,€
5418,2023-05-12 16:32:53,frigorífico, Iogurte de Coco Pingo Doce (min. 4 un) ,0.125,KG,0.19,1.52,€
5419,2023-05-12 16:32:53,frigorífico, Iogurte de Morango Pingo Doce (min. 4 un) ,0.125,KG,0.19,1.52,€
5420,2023-05-12 16:32:53,frigorífico, Iogurte com Pedaços de Ananás Pingo Doce (min. 4 un) ,0.125,KG,0.28,2.24,€
5421,2023-05-12 16:32:53,frigorífico, Iogurte Batido Natural Açucarado Pingo Doce - Pack 2 ,0.25,KG,0.93,3.72,€
5422,2023-05-12 16:32:53,frigorífico, Iogurte com Pedaços de Frutos Silvestres Pingo Doce (min. 4 un) ,0.125,KG,0.28,2.24,€
5423,2023-05-12 16:32:53,frigorífico, Iogurte com Pedaços de Pêssego Pingo Doce (min. 4 un) ,0.125,KG,0.28,2.24,€
5424,2023-05-12 16:32:53,frigorífico, Iogurte de Banana Pingo Doce (min. 4 un) ,0.125,KG,0.19,1.52,€
5425,2023-05-12 16:32:53,frigorífico, Iogurte com Pedaços de Morango Pingo Doce (min. 4 un) ,0.125,KG,0.28,2.24,€
5426,2023-05-12 16:32:53,frigorífico, Iogurte Batido com Pedaços de Amora Pingo Doce - Pack 2 ,0.25,KG,1.03,4.12,€
5427,2023-05-12 16:32:53,frigorífico, Queijo de Cabra Curado Pingo Doce ,0.2,KG,3.76,18.8,€
5428,2023-05-12 16:32:53,frigorífico, Queijo Creme Brie Président ,0.125,KG,2.44,19.52,€
5429,2023-05-12 16:32:53,frigorífico, Queijo Fundido Cheddar Président ,0.2,KG,2.63,2.58,€
5430,2023-05-12 16:32:53,frigorífico, Iogurte Líquido Natural Açucarado Pingo Doce ,0.75,KG,1.31,1.75,€
5431,2023-05-12 16:32:53,frigorífico, Iogurte Líquido de Morango Pingo Doce ,0.75,KG,1.31,1.75,€
5432,2023-05-12 16:32:53,frigorífico, Queijo Curado Tradicional Saloio Alavão ,1.0,UN,6.59,6.59,€
5433,2023-05-12 16:32:53,frigorífico, Iogurte Grego Natural Açucarado Pingo Doce - Pack 4 ,0.5,KG,1.59,3.18,€
5434,2023-05-12 16:32:53,frigorífico, Queijo Creme de Cabra Président ,0.125,KG,2.44,19.52,€
5435,2023-05-12 16:32:53,frigorífico, Iogurte Cremoso Biscuit Pingo Doce (min. 4 un) ,0.125,KG,0.4,3.2,€
5436,2023-05-12 16:32:53,frigorífico, Iogurte Cremoso Morango e Nozes Pingo Doce (min. 4 un) ,0.125,KG,0.4,3.2,€
5437,2023-05-12 16:32:53,frigorífico, Queijo Mascarpone Galbani ,0.5,KG,7.25,14.5,€
5438,2023-05-12 16:32:53,frigorífico, Queijo Roquefort Société ,0.1,KG,3.25,32.5,€
5439,2023-05-12 16:32:53,frigorífico, Manteiga Magra Pingo Doce ,0.25,KG,1.87,7.48,€
5440,2023-05-12 16:32:53,frigorífico, Queijo Creme Camembert Président ,0.125,KG,2.44,19.52,€
5441,2023-05-12 16:32:53,frigorífico, Queijo Snack à La Francaise Président ,0.18,KG,3.29,18.28,€
5442,2023-05-12 16:32:53,frigorífico, Iogurte com Pedaços de Cereais Pingo Doce (min. 4 un) ,0.125,KG,0.28,2.24,€
5443,2023-05-12 16:32:53,frigorífico, Queijo Fresco de Cabra Santiago ,0.13,KG,1.78,13.69,€
5444,2023-05-12 16:32:53,frigorífico, Iogurte Magro Natural Pingo Doce (min. 4 un) ,0.125,KG,0.19,1.52,€
5445,2023-05-12 16:32:53,frigorífico, Iogurte Cremoso Natural Açucarado Pingo Doce (min. 4 un) ,0.125,KG,0.4,3.2,€
5446,2023-05-12 16:32:53,frigorífico, Queijo Fresco Meio Gordo Pingo Doce ,0.125,KG,1.21,9.68,€
5447,2023-05-12 16:32:53,frigorífico, Queijo Flamengo Bola Pequena Limiano ,0.6,KG,6.59,10.98,€
5448,2023-05-12 16:32:53,frigorífico, Queijo Fresco Light Pingo Doce ,0.125,KG,1.21,9.68,€
5449,2023-05-12 16:32:53,frigorífico, Queijo Creme Sabor Clássico Président ,0.125,KG,1.97,15.76,€
5450,2023-05-12 16:32:53,frigorífico, Queijo Ralado Especial Pizza Président ,0.15,KG,2.63,17.53,€
5451,2023-05-12 16:32:53,frigorífico, Queijo Ralado 4 Queijos Président ,0.15,KG,2.63,17.53,€
5452,2023-05-12 16:32:53,frigorífico, Queijo Fatiado Amanteigado Paiva ,0.18,KG,2.75,15.28,€
5453,2023-05-12 16:32:53,frigorífico, Queijo Brie Pingo Doce ,0.2,KG,1.68,8.4,€
5454,2023-05-12 16:32:53,frigorífico, Queijo da Ilha Ralado Pingo Doce ,0.2,KG,2.16,10.8,€
5455,2023-05-12 16:32:53,frigorífico, Iogurte Grego de Morango Pingo Doce - Pack 4 ,0.5,KG,1.59,3.18,€
5456,2023-05-12 16:32:53,frigorífico, Massa Fresca para Lasanha Nonna Amélia ,0.25,KG,1.12,4.48,€
5457,2023-05-12 16:32:53,frigorífico, Queijo de Cabra Curado Fatiado Lagos ,0.11,KG,2.31,21.0,€
5458,2023-05-12 16:32:53,frigorífico, Manteiga com Sal Gourmet Nova Açores ,0.25,KG,2.63,10.52,€
5459,2023-05-12 16:32:53,frigorífico, Queijo de Cabra Original Palhais ,0.2,KG,4.61,23.05,€
5460,2023-05-12 16:32:53,frigorífico, Queijo Prato Meio Gordo Pingo Doce ,1.0,UN,4.99,4.99,€
5461,2023-05-12 16:32:53,frigorífico, Queijo Fundido Triângulos Pingo Doce ,0.14,KG,0.93,6.64,€
5462,2023-05-12 16:32:53,frigorífico, Burrata de Búfala Iguarias Pingo Doce ,0.125,KG,1.87,14.96,€
5463,2023-05-12 16:32:53,frigorífico, Queijo Creme Queru Light Eru ,0.1,KG,1.65,16.5,€
5464,2023-05-12 16:32:53,frigorífico, Iogurte Skyr Morango Framboesa Go Active Pingo Doce ,0.15,KG,0.74,4.93,€
5465,2023-05-12 16:32:53,frigorífico, Iogurte Líquido Stracciatella Pingo Doce - Pack 4 ,0.68,KG,1.31,1.93,€
5466,2023-05-12 16:32:53,frigorífico, Folhas de Lasanha Frescas Pasta do Dia ,0.25,KG,2.44,9.76,€
5467,2023-05-12 16:32:53,frigorífico, Iogurte Grego Caramelo Salgado Pingo Doce - Pack 4 ,0.5,KG,1.59,3.18,€
5468,2023-05-12 16:32:53,frigorífico, Queijo Prato Barrado Pimentão Pingo Doce ,1.0,UN,5.17,5.17,€
5469,2023-05-12 16:32:53,frigorífico, Queijo Fresco para Barrar com Ervas Aromáticas Pingo Doce ,0.2,KG,1.21,6.05,€
5470,2023-05-12 16:32:53,frigorífico, Iogurte Líquido Baunilha Pingo Doce - Pack 4 ,0.68,KG,1.31,1.93,€
5471,2023-05-12 16:32:53,frigorífico, Iogurte Líquido de Frutos Vermelhos Pingo Doce - Pack 4 ,0.68,KG,1.31,1.93,€
5472,2023-05-12 16:32:53,frigorífico, Manteiga Tradicional com Sal Individuais Mimosa ,0.16,KG,2.25,14.06,€
5473,2023-05-12 16:32:53,frigorífico, Iogurte Líquido de Morango e Banana Pingo Doce - Pack 4 ,0.68,KG,1.31,1.93,€
5474,2023-05-12 16:32:53,frigorífico, Iogurte Líquido Pêssego Cenoura Pingo Doce - Pack 4 ,0.68,KG,1.31,1.93,€
5475,2023-05-12 16:32:53,frigorífico, Manteiga com Salsa e Alho Individuais Mimosa ,0.16,KG,2.44,15.25,€
5476,2023-05-12 16:32:53,frigorífico, Iogurte Líquido de Morango Pingo Doce - Pack 4 ,0.68,KG,1.31,1.93,€
5477,2023-05-12 16:32:53,frigorífico, Iogurte Líquido Magro Limão e Laranja Pingo Doce - Pack 4 ,0.68,KG,1.36,2.0,€
5478,2023-05-12 16:32:53,frigorífico, Creme Vegetal para Barrar Pingo Doce ,0.5,KG,1.35,2.7,€
5479,2023-05-12 16:32:53,frigorífico, Queijo Grana Padano Iguarias Pingo Doce ,0.18,KG,2.82,15.67,€
5480,2023-05-12 16:32:53,frigorífico, Queijo Fresco Natural President ,0.25,KG,2.16,8.64,€
5481,2023-05-12 16:32:53,frigorífico, Queijo Fresco Magro 0% Gordura Président ,0.25,KG,2.16,8.64,€
5482,2023-05-12 16:32:53,frigorífico, Queijo Fresco sem Lactose Président ,0.25,KG,2.16,8.64,€
5483,2023-05-12 16:32:53,frigorífico, Queijo Manchego Iguarias Pingo Doce ,0.25,KG,4.14,16.56,€
5484,2023-05-12 16:32:53,frigorífico, Queijo de Cabra Fatiado Pingo Doce ,0.15,KG,1.97,13.13,€
5485,2023-05-12 16:32:53,frigorífico, Iogurte Skyr de Maracujá Go Active Pingo Doce ,0.15,KG,0.74,4.93,€
5486,2023-05-12 16:32:53,frigorífico, Queijo Fresco Mozzarella Valgrande ,0.125,KG,0.99,7.92,€
5487,2023-05-12 16:32:53,frigorífico, Creme Vegetal com Sabor a Manteiga Pingo Doce ,0.5,KG,1.69,3.38,€
5488,2023-05-12 16:32:53,frigorífico, Queijo de Azeitão DOP Victor Fernandes ,1.0,UN,7.97,7.97,€
5489,2023-05-12 16:32:53,frigorífico, Queijo Fresco Magro Médio Pingo Doce ,0.2,KG,0.93,4.65,€
5490,2023-05-12 16:32:53,frigorífico, Queijo Fresco de Ovelha Pequeno Pingo Doce ,0.07,KG,0.8,11.43,€
5491,2023-05-12 16:32:53,frigorífico, Queijo Fresco Batido Magro Go Active Pingo Doce ,0.4,KG,1.59,3.98,€
5492,2023-05-12 16:32:53,frigorífico, Queijo de Ovelha Curado Amanteigado Pastor Serrano ,1.0,UN,9.42,9.42,€
5493,2023-05-12 16:32:53,frigorífico, Iogurte Grego Natural Pingo Doce ,1.0,KG,2.25,2.25,€
5494,2023-05-12 16:32:53,frigorífico, Queijo Curado Fatiado Terra Nostra ,0.18,KG,2.63,14.61,€
5495,2023-05-12 16:32:53,frigorífico, Queijo Chèvre Pingo Doce ,0.18,KG,1.97,10.94,€
5496,2023-05-12 16:32:53,frigorífico, Iogurte Artesanal Natural Pastoret ,0.9,KG,4.33,4.81,€
5497,2023-05-12 16:32:53,frigorífico, Iogurte Magro com Pedaços Cereais Pingo Doce (min. 4 un) ,0.125,KG,0.34,2.72,€
5498,2023-05-12 16:32:53,frigorífico, Iogurte Cremoso Baunilha Pingo Doce (min. 4 un) ,0.125,KG,0.4,3.2,€
5499,2023-05-12 16:32:53,frigorífico, Iogurte Magro com Pedaços Morango Pingo Doce (min. 4 un) ,0.125,KG,0.34,2.72,€
5500,2023-05-12 16:32:53,frigorífico, Iogurte Magro com Pedaços Ananás Pingo Doce (min. 4 un) ,0.125,KG,0.34,2.72,€
5501,2023-05-12 16:32:53,frigorífico, Iogurte Magro com Pedaços Mirtilo Pingo Doce (min. 4 un) ,0.125,KG,0.34,2.72,€
5502,2023-05-12 16:32:53,frigorífico, Iogurte Magro Aroma Morango Pingo Doce (min. 4 un) ,0.125,KG,0.19,1.52,€
5503,2023-05-12 16:32:53,frigorífico, Preparado Vegetal à Base de Soja Natural Pingo Doce ,0.48,KG,1.12,2.33,€
5504,2023-05-12 16:32:53,frigorífico, Queijo Mascarpone Pingo Doce ,0.25,KG,1.59,6.36,€
5505,2023-05-12 16:32:53,frigorífico, Iogurte Batido com Pedaços de Manga Pingo Doce - Pack 2 ,0.25,KG,1.03,4.12,€
5506,2023-05-12 16:32:53,frigorífico, Iogurte Skyr Natural Go Active Pingo Doce ,0.15,KG,0.65,4.33,€
5507,2023-05-12 16:32:53,frigorífico, Manteiga sem Lactose Pingo Doce ,0.25,KG,1.97,7.88,€
5508,2023-05-12 16:32:53,frigorífico, Hummus Pingo Doce ,0.18,KG,1.99,11.06,€
5509,2023-05-12 16:32:53,frigorífico, Iogurte Líquido de Pêssego - Pack 6 ,0.936,L,2.16,2.31,€
5510,2023-05-12 16:32:53,frigorífico, Iogurte Líquido de Banana Mimosa - Pack 6 ,0.936,L,2.16,2.31,€
5511,2023-05-12 16:32:53,frigorífico, Iogurte Líquido de Frutos Tropicais Mimosa - Pack 6 ,0.936,L,2.16,2.31,€
5512,2023-05-12 16:32:53,frigorífico, Iogurte Líquido de Morango Mimosa - Pack 6 ,0.936,L,2.16,2.31,€
5513,2023-05-12 16:32:53,frigorífico, Iogurte Líquido de Ananás Mimosa - Pack 6 ,0.936,L,2.16,2.31,€
5514,2023-05-12 16:32:53,frigorífico, Iogurte Líquido Magro sem Açúcar de Frutos Tropicais Pingo Doce - Pack 4 ,0.68,KG,1.36,2.0,€
5515,2023-05-12 16:32:53,frigorífico, Iogurte sem Lactose Natural Pingo Doce (min. 4 un) ,0.12,KG,0.26,2.17,€
5516,2023-05-12 16:32:53,frigorífico, Iogurte Líquido Magro sem Açúcar de Morango Pingo Doce - Pack 4 ,0.68,KG,1.36,2.0,€
5517,2023-05-12 16:32:53,frigorífico, Iogurte Líquido Magro Melão e Meloa Pingo Doce - Pack 4 ,0.68,KG,1.36,2.0,€
5518,2023-05-12 16:32:53,frigorífico, Iogurte sem Lactose Morango Pingo Doce (min. 4 un) ,0.12,KG,0.26,2.17,€
5519,2023-05-12 16:32:53,frigorífico, Iogurte Magro sem Lactose Morango Pingo Doce (min. 4 un) ,0.12,KG,0.47,3.92,€
5520,2023-05-12 16:32:53,frigorífico, Iogurte Líquido Magro de Ananás Mimosa - Pack 6 ,0.936,L,2.53,2.7,€
5521,2023-05-12 16:32:53,frigorífico, Iogurte Líquido Magro de Ananás e Coco Mimosa - Pack 6 ,0.936,L,2.53,2.7,€
5522,2023-05-12 16:32:53,frigorífico, Queijo da Serra Estrela Grande Vale Estrela ,1.0,UN,27.53,27.53,€
5523,2023-05-12 16:32:53,frigorífico, Iogurte Líquido Magro de Frutos Tropicais Mimosa - Pack 8 ,1.248,L,2.91,2.33,€
5524,2023-05-12 16:32:53,frigorífico, Iogurte Líquido Magro de Morango e Kiwi Mimosa - Pack 6 ,0.936,L,2.53,2.7,€
5525,2023-05-12 16:32:53,frigorífico, Iogurte Grego de Chocolate Mimosa - Pack 4 ,0.44,KG,2.91,6.61,€
5526,2023-05-12 16:32:53,frigorífico, Iogurte Grego de Romã e Framboesa Mimosa - Pack 4 ,0.44,KG,2.91,6.61,€
5527,2023-05-12 16:32:53,frigorífico, Iogurte Líquido Magro de Morango Mimosa - Pack 6 ,0.936,L,2.53,2.7,€
5528,2023-05-12 16:32:53,frigorífico, Sumo 100% Fruta Espremida Exótico Pingo Doce ,0.75,L,1.69,2.25,€
5529,2023-05-12 16:32:53,frigorífico, Iogurte Begetal Amêndoa Natural sem Açúcar Kaiku ,0.38,KG,2.34,6.16,€
5530,2023-05-12 16:32:53,frigorífico, Iogurte Líquido sem Lactose de Coco Pingo Doce - Pack 4 ,0.68,KG,1.44,2.12,€
5531,2023-05-12 16:32:53,frigorífico, Queijo Chèvre Saloio Palhais ,0.18,KG,4.33,24.06,€
5532,2023-05-12 16:32:53,frigorífico, Queijo Creme Edam Eru ,0.1,KG,1.65,16.5,€
5533,2023-05-12 16:32:53,frigorífico, Queijo Creme Gouda Ervas Eru ,0.1,KG,1.65,16.5,€
5534,2023-05-12 16:32:53,frigorífico, Queijo Roquefort Iguarias Pingo Doce ,0.1,KG,1.68,16.8,€
5535,2023-05-12 16:32:53,frigorífico, Creme Vegetal para Culinária Pingo Doce ,0.25,KG,0.77,3.08,€
5536,2023-05-12 16:32:53,frigorífico, Queijo Fresco Tradicional Pingo Doce ,0.2,KG,0.93,4.65,€
5537,2023-05-12 16:32:53,frigorífico, Queijo Mozzarella Mini Pingo Doce ,0.125,KG,1.68,13.44,€
5538,2023-05-12 16:32:53,frigorífico, Iogurte Grego de Stracciatella Pingo Doce - Pack 4 ,0.5,KG,1.59,3.18,€
5539,2023-05-12 16:32:53,frigorífico, Massa Folhada sem Glúten Pasta do Dia ,0.28,KG,3.1,11.07,€
5540,2023-05-12 16:32:53,frigorífico, Massa Quebrada sem Glúten Pasta do Dia ,0.28,KG,3.1,11.07,€
5541,2023-05-12 16:32:53,frigorífico, Iogurte Grego Banana Stracciatella Pingo Doce - Pack 4 ,0.5,KG,1.59,3.18,€
5542,2023-05-12 16:32:53,frigorífico, Queijo Curado Ilha Graciosa Santiago ,1.0,KG,16.97,16.97,€
5543,2023-05-12 16:32:53,frigorífico, Queijo Ilha do Império Pico Santiago ,1.0,KG,16.97,16.97,€
5544,2023-05-12 16:32:53,frigorífico, Queijo Flamengo Fatiado Nova Açores ,0.2,KG,2.59,12.95,€
5545,2023-05-12 16:32:53,frigorífico, Quejo Serra da Estrela Mini DOP Quinta Branca ,1.0,UN,12.25,12.25,€
5546,2023-05-12 16:32:53,frigorífico, Queijo Fresco Original Santiago ,0.15,KG,1.78,11.87,€
5547,2023-05-12 16:32:53,frigorífico, Queijo Fresco Ligth para Barrar Santiago ,0.15,KG,1.78,11.87,€
5548,2023-05-12 16:32:53,frigorífico, Queijo Fresco de Cabra para Barrar Santiago ,0.125,KG,2.25,18.0,€
5549,2023-05-12 16:32:53,frigorífico, Iogurte Líquido Straciatella e Coco Pingo Doce - Pack 4 ,0.68,KG,1.31,1.93,€
5550,2023-05-12 16:32:53,frigorífico, Creme Vegetal para Culinária Pingo Doce ,1.0,KG,2.49,2.49,€
5551,2023-05-12 16:32:53,frigorífico, Queijo Ralado Grana Padano Riserva Giovanni Ferrari ,0.06,KG,2.31,38.5,€
5552,2023-05-12 16:32:53,frigorífico, Queijo Fundido Fatiado Pingo Doce ,0.3,KG,1.59,5.3,€
5553,2023-05-12 16:32:53,frigorífico, Manteiga com Flor de Sal do Algarve Pingo Doce ,0.125,KG,1.78,14.24,€
5554,2023-05-12 16:32:53,frigorífico, Queijo Emmental Ralado Pingo Doce ,0.2,KG,1.78,8.9,€
5555,2023-05-12 16:32:53,frigorífico, Manteiga com Sal Pingo Doce ,0.25,KG,1.87,7.48,€
5556,2023-05-12 16:32:53,frigorífico, Queijo Fresco sem Lactose Pura Vida ,0.125,KG,1.31,10.48,€
5557,2023-05-12 16:32:53,frigorífico, Queijo Curado Mistura Cabra Ovelha Vaca Pingo Doce ,1.0,UN,5.36,5.36,€
5558,2023-05-12 16:32:53,frigorífico, Queijo São Jorge DOP Iguarias Pingo Doce ,0.4,KG,6.4,16.0,€
5559,2023-05-12 16:32:53,frigorífico, Iogurte Skyr Kiwi e Spirulina Go Active Pingo Doce ,0.15,KG,0.74,4.93,€
5560,2023-05-12 16:32:53,frigorífico, Kéfir Natural Pastoret ,0.5,KG,2.25,4.5,€
5561,2023-05-12 16:32:53,frigorífico, Queijo Emmental Selecionado Président ,0.09,KG,1.87,1.5,€
5562,2023-05-12 16:32:53,frigorífico, Iogurte Original Açucarado Danone - Pack 2 ,0.27,KG,1.87,6.93,€
5563,2023-05-12 16:32:53,frigorífico, Iogurte Original de Morango Danone - Pack 2 ,0.27,KG,1.87,6.93,€
5564,2023-05-12 16:32:53,frigorífico, Queijo de Ovelha Amanteigado Pequeno Pingo Doce ,0.54,KG,16.02,16.02,€
5565,2023-05-12 16:32:53,frigorífico, Queijo de Ovelha. Cabra e Vaca À Cabreira Sabores da Soalheira ,0.82,KG,13.85,13.85,€
5566,2023-05-12 16:32:53,frigorífico, Queijo de Ovelha Amanteigado Grande Pingo Doce ,0.96,KG,16.02,16.02,€
5567,2023-05-12 16:32:53,frigorífico, Queijo Alavão ,1.2,KG,12.72,12.72,€
5568,2023-05-12 16:32:53,frigorífico, Queijo Fundido Fatiado A Vaca que ri ,0.2,KG,2.34,11.7,€
5569,2023-05-12 16:32:53,frigorífico, Queijo de Ovelha Curado Barrado Seco Pingo Doce ,1.1,KG,17.91,17.91,€
5570,2023-05-12 16:32:53,frigorífico, Queijo Light Fatiado A Vaca Que Ri ,0.2,KG,2.34,11.7,€
5571,2023-05-12 16:32:53,frigorífico," Iogurte Sólido Aroma de Morango, Banana e Tutti Frutti Danone - Pack 8 ",0.96,KG,1.87,1.95,€
5572,2023-05-12 16:32:53,frigorífico, Requeijão Natural Saloio ,0.17,KG,1.68,9.88,€
5573,2023-05-12 16:32:53,frigorífico," Iogurte Sólido Aroma de Morango, Pêssego e Manga Danone - Pack 8 ",0.96,KG,1.87,1.95,€
5574,2023-05-12 16:32:53,frigorífico, Manteiga La Motte Sal Marinho Président ,0.25,KG,4.19,16.76,€
5575,2023-05-12 16:32:53,frigorífico, Queijo Curado Prato Ilha Azul ,0.85,KG,13.19,13.19,€
5576,2023-05-12 16:32:53,frigorífico, Queijo Mistura Regional Pingo Doce ,1.0,UN,2.72,2.72,€
5577,2023-05-12 16:32:53,frigorífico, Queijo Creme Queri Classic Eru ,0.135,KG,2.2,16.3,€
5578,2023-05-12 16:32:53,frigorífico, Requeijão de Vaca Light Saloio ,0.17,KG,1.68,9.88,€
5579,2023-05-12 16:32:53,frigorífico, Queijo Flamengo Bola Metade Terra Nostra ,0.7,KG,7.34,10.49,€
5580,2023-05-12 16:32:53,frigorífico, Queijo de Ovelha Barrado Grande Seia do Tavares ,1.0,KG,21.87,21.87,€
5581,2023-05-12 16:32:53,frigorífico, Queijo Fresco para Barrar Light Pingo Doce ,0.2,KG,1.21,6.05,€
5582,2023-05-12 16:32:53,frigorífico," Queijo de Vaca, Cabra e Ovelha Regional Saloio ",0.19,KG,3.57,18.79,€
5583,2023-05-12 16:32:53,frigorífico, Queijo Creme para Barrar A Vaca que ri ,0.15,KG,2.34,15.6,€
5584,2023-05-12 16:32:53,frigorífico, Queijo Fundido Light Président ,0.25,KG,3.38,13.52,€
5585,2023-05-12 16:32:53,frigorífico, Queijo Fundido Cheddar Fatias Eru ,0.15,KG,2.22,14.8,€
5586,2023-05-12 16:32:53,frigorífico, Queijo Fundido Palitos A Vaca que Ri ,0.035,KG,0.74,21.14,€
5587,2023-05-12 16:32:53,frigorífico, Requeijão de Ovelha Saloio ,0.17,KG,2.34,13.76,€
5588,2023-05-12 16:32:53,frigorífico, Queijo Fatiado Fundido de Ovelha Lagos ,0.11,KG,2.34,21.27,€
5589,2023-05-12 16:32:53,frigorífico, Queijo Flamengo Ralado Pingo Doce ,0.2,KG,1.68,8.4,€
5590,2023-05-12 16:32:53,frigorífico, Queijo Prato de Vaca Cabra e Ovelha Paiva ,1.0,UN,7.06,7.06,€
5591,2023-05-12 16:32:53,frigorífico, Requeijão de Vaca Pingo Doce ,0.17,KG,0.89,5.24,€
5592,2023-05-12 16:32:53,frigorífico, Queijo Parmigiano Ralado Reggiano ,0.06,KG,1.87,31.17,€
5593,2023-05-12 16:32:53,frigorífico, Queijo Creme Brie com Trufas Président ,0.105,KG,2.44,23.24,€
5594,2023-05-12 16:32:53,frigorífico, Queijo da Ilha Cunha Pingo Doce ,0.4,KG,4.42,11.05,€
5595,2023-05-12 16:32:53,frigorífico, Iogurte Tropical Pingo Doce (Min. 4 un) ,0.125,KG,0.19,1.52,€
5596,2023-05-12 16:32:53,frigorífico, Queijo Cheedar Fatiado Pingo Doce ,0.15,KG,1.4,9.33,€
5597,2023-05-12 16:32:53,frigorífico, Queijo da Ilha Fatiado Nova Açores ,0.15,KG,2.12,14.13,€
5598,2023-05-12 16:32:53,frigorífico, Kéfir Natural Kaiku ,0.35,KG,1.78,5.09,€
5599,2023-05-12 16:32:53,frigorífico, Kefir Morango e Romã Kaiku ,0.35,KG,1.78,5.09,€
5600,2023-05-12 16:32:53,frigorífico, Iogurte Magro Aroma Coco Pingo Doce (min. 4 un) ,0.125,KG,0.19,1.52,€
5601,2023-05-12 16:32:53,frigorífico, Iogurte Líquido de Soja sabor a Pêssego e Alperce Pingo Doce - Pack 4 ,0.6,L,2.23,3.72,€
5602,2023-05-12 16:32:53,frigorífico, Iogurte sem Lactose com Pedaços Cereais Pingo Doce (min. 4 un) ,0.12,KG,0.47,3.92,€
5603,2023-05-12 16:32:53,frigorífico, Iogurte sem Lactose com Pedaços Ananás Pingo Doce (min. 4 un) ,0.12,KG,0.47,3.92,€
5604,2023-05-12 16:32:53,frigorífico, Iogurte Sólido Aroma Coco Mimosa - Pack 4 ,0.48,KG,1.08,2.25,€
5605,2023-05-12 16:32:53,frigorífico, Iogurte Sólido Aroma Tutti Frutti Mimosa - Pack 4 ,0.48,KG,1.08,2.25,€
5606,2023-05-12 16:32:53,frigorífico, Queijo Flamengo Fatiado Pingo Doce ,0.2,KG,1.87,9.35,€
5607,2023-05-12 16:32:53,frigorífico, Queijo Fresco para Barrar Natural Pingo Doce ,0.2,KG,1.16,5.8,€
5608,2023-05-12 16:32:53,frigorífico, Queijo Mozzarella Light Galbani ,0.125,KG,1.87,14.96,€
5609,2023-05-12 16:32:53,frigorífico, Queijo Serra da Estrela DOP Pingo Doce ,0.6,KG,13.57,22.62,€
5610,2023-05-12 16:32:53,frigorífico, Queijo da Ilha 9M Cura São Miguel ,0.3,KG,4.89,16.3,€
5611,2023-05-12 16:32:53,frigorífico, Queijo Le Brie Gourmet President ,0.2,KG,4.04,20.2,€
5612,2023-05-12 16:32:53,frigorífico, Queijo Flamengo Fatias Redondas Pingo Doce ,0.2,KG,2.06,10.3,€
5613,2023-05-12 16:32:53,frigorífico, Queijo Fresco Mozzarella Light Valgrande ,0.125,KG,1.02,8.16,€
5614,2023-05-12 16:32:53,frigorífico, Queijo Raclette Ermitage Fatia ,0.4,KG,5.04,12.6,€
5615,2023-05-12 16:32:53,frigorífico, Queijo Fresco Magro Pequeno Pingo Doce ,0.08,KG,0.51,6.38,€
5616,2023-05-12 16:32:53,frigorífico, Queijo Flamengo 1/5 Nova Açores ,0.32,KG,4.04,12.63,€
5617,2023-05-12 16:32:53,frigorífico, Queijo Fresco Magro Santiago ,0.08,KG,0.74,9.25,€
5618,2023-05-12 16:32:53,frigorífico, Queijo Ibérico Reserva Maturado em Azeite Virgem Extra Iguarias Iguarias Pingo Doce ,0.2,KG,4.23,21.15,€
5619,2023-05-12 16:32:53,frigorífico, Queijo Gorgonzola Dop Dolce Pingo Doce Iguarias ,0.15,KG,1.68,11.2,€
5620,2023-05-12 16:32:53,frigorífico, Queijo Cheddar A Vaca que Ri ,0.2,KG,2.34,11.7,€
5621,2023-05-12 16:32:53,frigorífico, Iogurte Sólido Aroma de Morango Danone - Pack 4 ,0.48,KG,1.21,2.52,€
5622,2023-05-12 16:32:53,frigorífico, Queijo Ralado Emmental Campainha ,0.15,KG,2.34,15.6,€
5623,2023-05-12 16:32:53,frigorífico, Queijo de Ovelha com Trufa Negra Iguarias Pingo Doce ,0.2,KG,4.23,21.15,€
5624,2023-05-12 16:32:53,frigorífico, Queijo Original Philadelphia ,0.27,KG,3.19,11.81,€
5625,2023-05-12 16:32:53,frigorífico, Requeijão de Seia Pingo Doce ,0.26,KG,1.87,7.19,€
5626,2023-05-12 16:32:53,frigorífico, Queijo Light Philadelphia ,0.27,KG,3.19,11.81,€
5627,2023-05-12 16:32:53,frigorífico, Queijo Fresco Tradicional Pingo Doce ,0.08,KG,0.51,6.38,€
5628,2023-05-12 16:32:53,frigorífico, Iogurte Sólido Magro Morango e Coco) Mimosa - Pack 6 ,0.72,KG,1.87,2.6,€
5629,2023-05-12 16:32:53,frigorífico, Iogurte Sólido Magro Morango Pêssego Banana Mimosa - Pack 8 ,0.96,KG,2.34,2.44,€
5630,2023-05-12 16:32:53,frigorífico, Pizza Fresca com Queijo e Fiambre sem Glúten sem Lactose Pingo Doce ,0.42,KG,3.0,7.14,€
5631,2023-05-12 16:32:53,frigorífico, Queijo Rondelé com Alho e Ervas Président ,0.125,KG,2.4,19.2,€
5632,2023-05-12 16:32:53,frigorífico, Queijo Rondelé com Nozes Président ,0.125,KG,2.4,19.2,€
5633,2023-05-12 16:32:53,frigorífico, Requeijão de Vaca Ovelha e Cabra com Abóbora Herdade da Maia ,0.25,KG,1.87,1.87,€
5634,2023-05-12 16:32:53,frigorífico, Iogurte Sólido Aroma Manga Banana e Coco Mimosa - Pack 8 ,0.96,KG,1.87,1.95,€
5635,2023-05-12 16:32:53,frigorífico, Queijo 7 Meses de Cura DOP São Jorge ,0.4,KG,6.87,17.18,€
5636,2023-05-12 16:32:53,frigorífico, Queijo Creme de Cabra Palhais ,0.1,KG,1.87,18.7,€
5637,2023-05-12 16:32:53,frigorífico, Queijo Mozzarella de Búfula sem Lactose Pingo Doce ,0.125,KG,1.87,14.96,€
5638,2023-05-12 16:32:53,frigorífico, Iogurte Begetal Coco Natural sem Açúcar Kaiku ,0.38,KG,2.34,6.16,€
5639,2023-05-12 16:32:53,frigorífico, Iogurte Líquido Magro de Morango Pingo Doce - Pack 4 ,0.68,KG,1.36,2.0,€
5640,2023-05-12 16:32:53,frigorífico, Iogurte Líquido Magro de Pêssego Pingo Doce - Pack 4 ,0.68,KG,1.36,2.0,€
5641,2023-05-12 16:32:53,frigorífico, Iogurte Líquido Magro de Frutos Vermelhos Pingo Doce - Pack 4 ,0.68,KG,1.36,2.0,€
5642,2023-05-12 16:32:53,frigorífico, Iogurte Líquido Magro de Morango e Cereais Pingo Doce - Pack 4 ,0.68,KG,1.36,2.0,€
5643,2023-05-12 16:32:53,frigorífico, Creme Vegetal para Culinária Vaqueiro ,0.25,KG,1.59,6.36,€
5645,2023-05-12 16:32:53,frigorífico, Queijo Curado Serras de Penela ,1.0,UN,3.95,3.95,€
5646,2023-05-12 16:32:53,frigorífico, Manteiga com Sal Terra Nostra ,0.25,KG,2.31,9.24,€
5647,2023-05-12 16:32:53,frigorífico, Gelatina Romã e Framboesa 10 kcal Pingo Doce ,0.4,KG,1.29,3.23,€
5648,2023-05-12 16:32:53,frigorífico, Massa Tortellini de Queijo Knorr ,0.25,KG,3.84,15.36,€
5649,2023-05-12 16:32:53,frigorífico, Massa Tortellini de Carne Knorr ,0.25,KG,3.84,15.36,€
5650,2023-05-12 16:32:53,frigorífico, Massa Tortellini de Ricota e Espinafres Knorr ,0.25,KG,3.84,15.36,€
5651,2023-05-12 16:32:53,frigorífico, Queijo Prato Apimentado Paiva ,0.5,KG,7.06,14.12,€
5652,2023-05-12 16:32:53,frigorífico, Queijo Prato Amanteigado Paiva ,1.0,UN,7.06,7.06,€
5653,2023-05-12 16:32:53,frigorífico, Gelatina de Morango 0% Açúcar Koala ,0.13,KG,1.39,10.69,€
5654,2023-05-12 16:32:53,frigorífico, Gelatina de Maracujá Pingo Doce ,0.4,KG,0.99,2.47,€
5655,2023-05-12 16:32:53,frigorífico, Gelatina de Manga Koala ,0.13,KG,1.14,8.77,€
5656,2023-05-12 16:32:53,frigorífico, Gelatina de Morango Koala ,0.13,KG,1.14,8.77,€
5657,2023-05-12 16:32:53,frigorífico, Gelatina de Ananás Koala ,0.13,KG,1.14,8.77,€
5658,2023-05-12 16:32:53,frigorífico, Gelatina de Banana Koala ,0.13,KG,1.14,8.77,€
5659,2023-05-12 16:32:53,frigorífico, Gelatina de Coco Koala ,0.13,KG,1.14,8.77,€
5660,2023-05-12 16:32:53,frigorífico, Creme Vegetal Sabor Manteiga Becel ,0.225,KG,2.99,13.29,€
5661,2023-05-12 16:32:53,frigorífico, Creme Vegetal Becel ,0.225,KG,2.89,12.84,€
5662,2023-05-12 16:32:53,frigorífico, Iogurte Grego Lima Limão Pingo Doce - Pack 4 ,0.5,KG,1.59,3.18,€
5663,2023-05-12 16:32:53,frigorífico, Ralado Cheddar e Mozzarella Vegan Nurishh ,0.15,KG,2.69,17.93,€
5664,2023-05-12 16:32:53,frigorífico, Queijo Flamengo Fatiado Gresso ,0.7,KG,6.59,9.41,€
5665,2023-05-12 16:32:53,frigorífico, Queijo Feta Dop EvroFarma ,0.15,KG,2.91,19.4,€
5666,2023-05-12 16:32:53,frigorífico, Queijo Parmigiano Reggiano Ferrarini ,0.18,KG,3.95,21.94,€
5667,2023-05-12 16:32:53,frigorífico, Queijo Brie Light Cunha Président ,0.2,KG,3.85,19.25,€
5668,2023-05-12 16:32:53,frigorífico, Queijo Mozzarella Maxi Galbani ,0.25,KG,3.19,12.76,€
5669,2023-05-12 16:32:53,frigorífico, Queijo Ralado Grana Padano Galbani ,0.06,KG,1.87,31.17,€
5670,2023-05-12 16:32:53,frigorífico, Queijo Fatiado Amanteigado de Vaca e Ovelha Limiano ,0.18,KG,2.63,14.61,€
5671,2023-05-12 16:32:53,frigorífico, Queijo DOP 12M São Jorge ,0.3,KG,6.97,23.23,€
5672,2023-05-12 16:32:53,frigorífico, Iogurte Natural Açucarado sem Lactose Nutrégi - Pack 4 ,0.48,KG,2.05,4.27,€
5673,2023-05-12 16:32:53,frigorífico, Iogurte SólidoMagro Morango Kiwi Manga Mimosa - Pack 6 ,0.72,KG,1.87,2.6,€
5674,2023-05-12 16:32:53,frigorífico, Queijo Creme Queru Presunto Eru ,0.1,KG,1.65,16.5,€
5675,2023-05-12 16:32:53,frigorífico, Queijo Fresco Magro Santiago ,0.2,KG,1.68,8.4,€
5676,2023-05-12 16:32:53,frigorífico, Queijos Curados Embalado Montiqueijo ,3.0,UN,3.15,1.05,€
5677,2023-05-12 16:32:53,frigorífico, Gelatina de Tutti-Frutti Royal ,0.36,KG,1.99,5.53,€
5678,2023-05-12 16:32:53,frigorífico, Gelatina de Morango Royal ,0.36,KG,1.99,5.53,€
5679,2023-05-12 16:32:53,frigorífico, Gelatina de Ananás 10 Kcal Royal ,0.36,KG,2.19,6.08,€
5680,2023-05-12 16:32:53,frigorífico, Queijo Flamengo Fatiado Limiano ,0.2,KG,11.59,11.59,€
5681,2023-05-12 16:32:53,frigorífico, Creme Vegetal Flora ,0.225,KG,1.99,8.84,€
5682,2023-05-12 16:32:53,frigorífico, Gelatina de Limão 10kcal Pingo Doce ,0.4,KG,1.29,3.23,€
5683,2023-05-12 16:32:53,frigorífico, Queijo Flamengo Fatiado Terra Nostra ,0.2,KG,2.63,13.15,€
5684,2023-05-12 16:32:53,frigorífico, Queijo Flamengo Fatiado Light Terra Nostra ,0.2,KG,2.72,13.6,€
5685,2023-05-12 16:32:53,frigorífico, Queijo Ricotta Galbani ,0.25,KG,2.31,9.24,€
5686,2023-05-12 16:32:53,frigorífico, Queijo Ralado 3 Queijos Campainha ,0.15,KG,2.34,15.6,€
5687,2023-05-12 16:32:53,frigorífico, Smoothie Frutos Tropicais Pingo Doce ,0.33,L,1.19,3.61,€
5688,2023-05-12 16:32:53,frigorífico, Queijo Flamengo Ralado Terra Nostra ,0.15,KG,1.97,13.13,€
5689,2023-05-12 16:32:53,frigorífico, Ravioli de Frango Assado com Alecrim Rana ,0.25,KG,3.49,13.96,€
5690,2023-05-12 16:32:53,frigorífico, Iogurte Líquido Bifidus Kiwi Pingo Doce - Pack 4 ,0.68,KG,1.44,2.12,€
5691,2023-05-12 16:32:53,frigorífico, Iogurte Líquido Bifidus Morango Pingo Doce - Pack 4 ,0.68,KG,1.44,2.12,€
5692,2023-05-12 16:32:53,frigorífico, Iogurte Líquido Bifidus Cereais Pingo Doce - Pack 4 ,0.68,KG,1.44,2.12,€
5693,2023-05-12 16:32:53,frigorífico, Queijo Salmão Philadelphia ,0.15,KG,2.34,15.6,€
5694,2023-05-12 16:32:53,frigorífico, Queijo Parmesão DOP 30M CunhaIguarias Pingo Doce ,0.15,KG,3.76,25.07,€
5695,2023-05-12 16:32:53,frigorífico, Manteiga com Sal Agros ,0.25,KG,2.16,8.64,€
5696,2023-05-12 16:32:53,frigorífico, Queijo com Trufas Philadelphia ,0.15,KG,2.34,15.6,€
5697,2023-05-12 16:32:53,frigorífico, Queijo com Ervas Philadelphia ,0.15,KG,2.34,15.6,€
5698,2023-05-12 16:32:53,frigorífico, Queijo Camembert Président ,0.25,KG,3.91,15.64,€
5699,2023-05-12 16:32:53,frigorífico, Ravioli Integral de Espinafres e Burrata Bio Rana ,0.25,KG,3.99,15.96,€
5700,2023-05-12 16:32:53,frigorífico, Pudim de Avelã com Proteína Ehrmann ,0.2,KG,1.89,9.45,€
5701,2023-05-12 16:32:53,frigorífico, Pudim de Caramelo com Proteína Ehrmann ,0.2,KG,1.89,9.45,€
5702,2023-05-12 16:32:53,frigorífico, Requeijão do Campo Saloio ,0.17,KG,2.34,13.76,€
5703,2023-05-12 16:32:53,frigorífico, Queijo de Pastagem Proteína Terra Nostra ,0.18,KG,2.63,14.61,€
5704,2023-05-12 16:32:53,frigorífico, Tortellini de Beringela A La Parmingiana Rana ,0.25,KG,3.79,15.16,€
5705,2023-05-12 16:32:53,frigorífico, Spaghetti Rana ,0.25,KG,1.78,7.12,€
5706,2023-05-12 16:32:53,frigorífico, Tagliatelle Rana ,0.25,KG,1.78,7.12,€
5707,2023-05-12 16:32:53,frigorífico, Queijo Meio Gordo Fonte Mourisca ,1.3,KG,13.19,13.19,€
5708,2023-05-12 16:32:53,frigorífico, Iogurte Líquido Proteína Morango Go Active Pingo Doce ,0.23,KG,0.93,4.04,€
5709,2023-05-12 16:32:53,frigorífico, Iogurte Líquido Proteína Manga Go Active Pingo Doce ,0.23,KG,0.93,4.04,€
5710,2023-05-12 16:32:53,frigorífico, Creme de Barrar de Soja Alpro ,0.225,KG,1.69,7.51,€
5711,2023-05-12 16:32:53,frigorífico, Yofu de Soja Skyr Exótico Alpro ,0.4,KG,2.82,7.05,€
5712,2023-05-12 16:32:53,frigorífico, Gelatina de Mirtilo 10 Kcal Royal ,0.36,KG,2.19,6.08,€
5713,2023-05-12 16:32:53,frigorífico, Gelatina Tropical 10 Kcal Royal ,0.36,KG,2.19,6.08,€
5714,2023-05-12 16:32:53,frigorífico, Gelatina de Morango 10 Kcal Royal ,0.36,KG,2.19,6.08,€
5715,2023-05-12 16:32:53,frigorífico, Gelatina de Limão 10 Kcal Royal ,0.36,KG,2.19,6.08,€
5716,2023-05-12 16:32:53,frigorífico, Gelatina de Frutos do Bosque 10 Kcal Royal ,0.36,KG,2.19,6.08,€
5717,2023-05-12 16:32:53,frigorífico, Gelatina de Melancia 10 Kcal Royal ,0.36,KG,2.19,6.08,€
5718,2023-05-12 16:32:53,frigorífico, Iogurte Cremoso Proteíco Natural Go Active Pingo Doce - Pack 4 ,0.5,KG,1.59,3.18,€
5719,2023-05-12 16:32:53,frigorífico, Iogurte Cremoso Proteíco de Maracujá Go Active Pingo Doce - Pack 4 ,0.5,KG,1.78,3.56,€
5720,2023-05-12 16:32:53,frigorífico, Quejo de Ovelha Curado Seia Lagos ,1.0,UN,6.59,6.59,€
5721,2023-05-12 16:32:53,frigorífico, Gnocchi de Batata Rana ,0.4,KG,2.69,6.73,€
5722,2023-05-12 16:32:53,frigorífico, Creme Vegetal Becel Pro Activ ,0.225,KG,3.89,19.45,€
5723,2023-05-12 16:32:53,frigorífico, Mousse de Chocolate com Proteína Ehrmann ,0.2,KG,2.15,10.75,€
5724,2023-05-12 16:32:53,frigorífico, Mousse de Baunilha com Proteína Ehrmann ,0.2,KG,2.15,10.75,€
5725,2023-05-12 16:32:53,frigorífico, Smoothie Goiaba Abacaxi e Maçã Innocent ,0.25,L,2.09,8.36,€
5726,2023-05-12 16:32:53,frigorífico, Sumo de Laranja sem Polpa Innocent ,0.9,L,2.99,3.32,€
5727,2023-05-12 16:32:53,frigorífico, Manteiga com Sal Primor ,0.25,KG,2.3,9.2,€
5728,2023-05-12 16:32:53,frigorífico, Queijo Fundido A Vaca que Ri ,0.375,KG,4.04,10.77,€
5729,2023-05-12 16:32:53,frigorífico, Iogurte Bifidus 00% Quinoa e Sementes de Girassol Pingo Doce (min. 4 un) ,0.5,KG,1.76,3.52,€
5730,2023-05-12 16:32:53,frigorífico, Iogurte Bifidus 00% Espelta Sementes e Nozes Pingo Doce (min. 4 un) ,0.125,KG,0.44,3.52,€
5731,2023-05-12 16:32:53,frigorífico, Queijo Curado Amanteigado Fonte Mourisca ,0.7,KG,13.19,13.19,€
5732,2023-05-12 16:32:53,frigorífico, Queijo Flamengo Light Barra Mimosa ,0.2,KG,11.21,11.21,€
5733,2023-05-12 16:32:53,frigorífico, Iogurte Líquido Proteico de Morango Framboesa YoPro ,0.3,KG,1.87,6.23,€
5734,2023-05-12 16:32:53,frigorífico, Iogurte Líquido Proteico de Caramelo YoPro ,0.3,KG,1.87,6.23,€
5735,2023-05-12 16:32:53,frigorífico, Iogurte Líquido Proteico de Café YoPro ,0.3,KG,1.87,6.23,€
5736,2023-05-12 16:32:53,frigorífico, Iogurte Fruta Batida de Banana Laranja Bolacha Mimosa - Pack 4 ,0.48,KG,1.49,3.1,€
5737,2023-05-12 16:32:53,frigorífico, Iogurte Magro Tutti-Frutti Coco Longa Vida - Pack 6 ,0.72,KG,2.15,2.99,€
5738,2023-05-12 16:32:53,frigorífico, Iogurte Sólido de Ananás + Proteína Corpos Danone ,0.145,KG,0.92,6.34,€
5739,2023-05-12 16:32:53,frigorífico, Iogurte Proteico de Manteiga de Amendoim e Banana YoPro ,0.16,KG,1.21,7.56,€
5740,2023-05-12 16:32:53,frigorífico, Iogurte Proteico de Baunilha YoPro ,0.16,KG,1.21,7.56,€
5741,2023-05-12 16:32:53,frigorífico, Iogurte Proteico de Coco YoPro ,0.16,KG,1.21,7.56,€
5742,2023-05-12 16:32:53,frigorífico, Iogurte M&M Danone ,0.12,KG,0.93,7.75,€
5743,2023-05-12 16:32:53,frigorífico, Iogurte Sólido Natural Danone - Pack 4 ,0.48,KG,1.17,2.44,€
5744,2023-05-12 16:32:53,frigorífico, Iogurte Aroma Morango Pack Económico Longa Vida - Pack 4 ,0.48,KG,0.88,1.83,€
5745,2023-05-12 16:32:53,frigorífico, Iogurte de Coco Longa Vida - Pack 4 ,0.48,KG,0.88,1.83,€
5746,2023-05-12 16:32:53,frigorífico, Iogurte Aroma Tutti Frutti Longa Vida - Pack 4 ,0.48,KG,0.88,1.83,€
5747,2023-05-12 16:32:53,frigorífico, Iogurte de Pedaços Cereais e Avelã Mimosa - Pack 4 ,0.48,KG,1.5,3.13,€
5748,2023-05-12 16:32:53,frigorífico, Iogurte de Pedaços Morango Mimosa - Pack 4 ,0.48,KG,1.5,0.38,€
5749,2023-05-12 16:32:53,frigorífico, Iogurte Líquido de Chocolate Yoggi ,0.25,L,1.12,4.48,€
5750,2023-05-12 16:32:53,frigorífico, Kéfir de Morango Nestlé ,0.5,KG,2.25,4.5,€
5751,2023-05-12 16:32:53,frigorífico, Iogurte Sólido Natural 0% Activia - Pack 4 ,0.48,KG,1.87,3.9,€
5752,2023-05-12 16:32:53,frigorífico, Iogurte Sólido Pedaços de Pêssego 0% Activia - Pack 4 ,0.48,KG,1.77,3.69,€
5753,2023-05-12 16:32:53,frigorífico, Iogurte Sólido de Chia e Amêndoas Fibras & Cereais Activia - Pack 4 ,0.48,KG,2.15,4.48,€
5754,2023-05-12 16:32:53,frigorífico, Iogurte Líquido Natural 00% Actimel - Pack 12 ,1.2,KG,4.41,3.67,€
5755,2023-05-12 16:32:53,frigorífico, Iogurte Proteico de Stracciatella YoPro ,0.16,KG,1.21,7.56,€
5756,2023-05-12 16:32:53,frigorífico, Kéfir Natural Nestlé - 12 un ,1.2,KG,4.32,3.6,€
5757,2023-05-12 16:32:53,frigorífico, Iogurte Sólido de Fibra e Cereais Activia - Pack 8 ,0.92,KG,3.76,4.09,€
5758,2023-05-12 16:32:53,frigorífico, Iogurte Líquido Proteico de Limão Menta YoPro ,0.3,KG,1.87,6.23,€
5759,2023-05-12 16:32:53,frigorífico, Iogurte Líquido Proteico de Manga YoPro ,0.3,KG,1.87,6.23,€
5760,2023-05-12 16:32:53,frigorífico, Kéfir Natural Nestlé ,0.5,KG,2.25,4.5,€
5761,2023-05-12 16:32:53,frigorífico, Iogurte Líquido Proteico de Baunilha Bolacha YoPro ,0.3,KG,1.87,6.23,€
5762,2023-05-12 16:32:53,frigorífico, Iogurte Líquido Proteico de Coco YoPro ,0.3,KG,1.87,6.23,€
5768,2023-05-12 16:32:53,frigorífico, Iogurte Batido Limão Receita Clássica Mimosa - Pack 3 ,0.375,KG,2.05,5.47,€
5769,2023-05-12 16:32:53,frigorífico, Iogurte Batido Açucarado Receita Clássica Mimosa - Pack 3 ,0.375,KG,2.05,5.47,€
5770,2023-05-12 16:32:53,frigorífico, Iogurte Batido Baunilha Receita Clássica Mimosa - Pack 3 ,0.375,KG,2.05,5.47,€
5771,2023-05-12 16:32:53,frigorífico, Iogurte Magro Duo Muesli Cereais Longa Vida - Pack 4 ,0.48,KG,2.15,4.48,€
5772,2023-05-12 16:32:53,frigorífico, Iogurte de KitKat Nestlé - Pack 2 ,0.23,KG,1.87,6.23,€
5773,2023-05-12 16:32:53,frigorífico, Iogurte de Smarties Baunilha Nestlé - Pack 2 ,0.256,KG,1.87,7.3,€
5774,2023-05-12 16:32:53,frigorífico, Iogurte de Chocapic Nestlé - Pack 2 ,0.236,KG,1.87,7.92,€
5775,2023-05-12 16:32:53,frigorífico, Iogurte Líquido de Morango Danone - Pack 4 ,0.62,KG,1.49,2.4,€
5776,2023-05-12 16:32:53,frigorífico, Iogurte Sólido Bifidus Natural Activia - Pack 4 ,0.48,KG,1.87,3.9,€
5777,2023-05-12 16:32:53,frigorífico, Iogurte Sólido Pedaços de Kiwi 0% Activia - Pack 4 ,0.48,KG,1.77,3.69,€
5778,2023-05-12 16:32:53,frigorífico, Iogurte Líquido de Morango e Banana Danone - Pack 4 ,0.62,KG,1.49,2.4,€
5779,2023-05-12 16:32:53,frigorífico, Iogurte Líquido de Tutti Frutti Danone - Pack 4 ,0.62,KG,1.49,2.4,€
5780,2023-05-12 16:32:53,frigorífico, Iogurte Sólido sem Lactose de Pêssego 0% Activia - Pack 4 ,0.48,KG,2.15,4.48,€
5781,2023-05-12 16:32:53,frigorífico, Iogurte Sólido sem Lactose de Morango Mimosa - Pack 4 ,0.48,KG,1.77,3.69,€
5782,2023-05-12 16:32:53,frigorífico, Iogurte Sólido sem Lactose  Natural Açucarado 0% Activia - Pack 4 ,0.48,KG,2.15,4.48,€
5783,2023-05-12 16:32:53,frigorífico, Iogurte Sólido de Aveia e Frutos Secos Fibras & Cereais Activia - Pack 4 ,0.48,KG,2.15,4.48,€
5784,2023-05-12 16:32:53,frigorífico, Iogurte Sólido de Aveia e Nozes Fibras & Cereais Activia - Pack 4 ,0.48,KG,2.15,4.48,€
5785,2023-05-12 16:32:53,frigorífico, Iogurte Sólido de Cereais Fibras & Cereais Activia - Pack 4 ,0.48,KG,2.15,4.48,€
5786,2023-05-12 16:32:53,frigorífico, Iogurte Sólido de Aveia e Linhaça Fibras & Cereais Activia - Pack 4 ,0.48,KG,2.15,4.48,€
5787,2023-05-12 16:32:53,frigorífico, Kefir Frutos Vermelhos Vigor ,0.8,L,2.34,2.93,€
5788,2023-05-12 16:32:53,frigorífico, Iogurte Líquido de Frutos Exóticos Danacol - Pack 6 ,0.6,KG,2.82,4.7,€
5789,2023-05-12 16:32:53,frigorífico, Iogurte Líquido Bifidus Aveia Danacol - Pack 6 ,0.6,KG,2.82,4.7,€
5790,2023-05-12 16:32:53,frigorífico, Iogurte Líquido de Frutos Vermelhos Mimosa - Pack 8 ,1.248,L,2.73,2.19,€
5791,2023-05-12 16:32:53,frigorífico, Iogurte Líquido de Morango e Banana Mimosa - Pack 8 ,1.248,L,2.73,2.19,€
5792,2023-05-12 16:32:53,frigorífico, Iogurte Sólido Cremoso de Frutos Silvestres 0% Activia - Pack 4 ,0.48,KG,1.97,4.1,€
5793,2023-05-12 16:32:53,frigorífico, Iogurte Sólido Cremoso de Cocktail de Frutas Activia - Pack 4 ,0.48,KG,1.97,4.1,€
5794,2023-05-12 16:32:53,frigorífico, Iogurte Sólido Cremoso de Coco Activia - Pack 4 ,0.48,KG,1.97,4.1,€
5796,2023-05-12 16:32:53,frigorífico, Iogurte Líquido Longa Vida Frutos Tropicais - Pack 8 ,1.28,KG,2.81,2.2,€
5797,2023-05-12 16:32:53,frigorífico, Iogurte Líquido Yoggi Morango - Pack 8 ,1.28,KG,3.66,2.86,€
5798,2023-05-12 16:32:53,frigorífico, Iogurte Grego Natural 0% Nestlé Yaos ,1.0,KG,4.41,4.41,€
5799,2023-05-12 16:32:53,frigorífico, Iogurte Líquido Morango Longa Vida - Pack 8 ,1.28,KG,2.81,2.2,€
5800,2023-05-12 16:32:53,frigorífico, Iogurte Natural Creations Nestlé Yaos ,1.0,KG,4.41,4.41,€
5801,2023-05-12 16:32:53,frigorífico, Iogurte Líquido de Morango Actimel - Pack 12 ,1.2,KG,4.41,3.67,€
5802,2023-05-12 16:32:53,frigorífico, Iogurte Líquido de Frutos Silvestres 0% Activia - Pack 8 ,1.24,KG,3.76,3.03,€
5803,2023-05-12 16:32:53,frigorífico, Iogurte Líquido de Cereais Activia - Pack 8 ,1.24,KG,3.67,2.96,€
5804,2023-05-12 16:32:53,frigorífico, Iogurte Líquido de Morango Danacol - Pack 12 ,1.2,KG,4.98,4.15,€
5805,2023-05-12 16:32:53,frigorífico, Iogurte Líquido Tutti Frutti Danacol - Pack 12 ,1.2,KG,4.98,4.15,€
5806,2023-05-12 16:32:53,frigorífico, Kefir Manga Maracujá Vigor ,0.8,L,2.34,2.93,€
5807,2023-05-12 16:32:53,frigorífico, Kefir Natural Vigor ,0.8,L,2.34,2.93,€
5808,2023-05-12 16:32:53,frigorífico, Iogurte Grego Natural Danone Oikos - Pack 4 ,0.44,KG,2.34,5.32,€
5809,2023-05-12 16:32:53,frigorífico, Iogurte Grego de Pêssego Danone Oikos - Pack 4 ,0.44,KG,1.88,4.27,€
5810,2023-05-12 16:32:53,frigorífico, Iogurte Grego de Amora Danone Oikos - Pack 4 ,0.44,KG,1.88,4.27,€
5811,2023-05-12 16:32:53,frigorífico, Iogurte Grego de Manga e Papaia Danone Oikos - Pack 4 ,0.44,KG,1.88,4.27,€
5812,2023-05-12 16:32:53,frigorífico, Iogurte Grego de Maracujá Danone Oikos - Pack 4 ,0.44,KG,1.88,4.27,€
5813,2023-05-12 16:32:53,frigorífico, Iogurte Grego de Morango Danone Oikos - Pack 4 ,0.44,KG,1.88,4.27,€
5814,2023-05-12 16:32:53,frigorífico, Iogurte Grego de Ananás Oikos Danone - Pack 4 ,0.44,KG,1.88,4.27,€
5815,2023-05-12 16:32:53,frigorífico, Iogurte Grego de Stracciatella Mimosa - Pack 4 ,0.44,KG,2.15,4.89,€
5816,2023-05-12 16:32:53,frigorífico, Iogurte Grego Natural Açucarado Danone Oikos - Pack 4 ,0.44,KG,2.34,5.32,€
5817,2023-05-12 16:32:53,frigorífico, Iogurte Grego de Coco Danone Oikos - Pack 4 ,0.44,KG,1.88,4.27,€
5818,2023-05-12 16:32:53,frigorífico, Iogurte Grego de Cheesecake e Limão Mimosa - Pack 4 ,0.44,KG,2.15,4.89,€
5819,2023-05-12 16:32:53,frigorífico, Iogurte Grego de Stracciatella Danone Oikos - Pack 4 ,0.44,KG,1.88,4.27,€
5820,2023-05-12 16:32:53,frigorífico, Iogurte Grego de Café Danone Oikos - Pack 4 ,0.44,KG,1.88,4.27,€
5821,2023-05-12 16:32:53,frigorífico, Iogurte Grego de Caramelo Danone Oikos - Pack 4 ,0.44,KG,1.88,4.27,€
5822,2023-05-12 16:32:53,frigorífico, Iogurte Cheesecake de Mirtilo Danone Oikos - Pack 4 ,0.46,KG,1.88,4.09,€
5823,2023-05-12 16:32:53,frigorífico, Iogurte Grego de Maçã e Canela Danone Oikos - Pack 4 ,0.44,KG,1.88,4.27,€
5824,2023-05-12 16:32:53,frigorífico, Iogurte Líquido Morango Banana Dan'Up - Pack 4 ,0.62,KG,1.77,2.86,€
5825,2023-05-12 16:32:53,frigorífico, Iogurte Líquido Morango Dan'Up - Pack 4 ,0.62,KG,1.77,2.86,€
5826,2023-05-12 16:32:53,frigorífico, Iogurte Líquido Stracciatella Dan'Up - Pack 4 ,0.62,KG,1.77,2.86,€
5827,2023-05-12 16:32:53,frigorífico, Iogurte Sólido Magro sem Lactose Natural Mimosa - Pack 4 ,0.48,KG,1.97,4.1,€
5828,2023-05-12 16:32:53,frigorífico, Iogurte Sólido sem Lactose de Mirtilo  Mimosa - Pack 4 ,0.48,KG,1.97,4.1,€
5830,2023-05-12 16:32:53,frigorífico, Iogurte Líquido de Frutos Tropicais Yoggi - Pack 4 ,0.64,KG,1.88,2.94,€
5831,2023-05-12 16:32:53,frigorífico, Iogurte Líquido Aroma Limonada Yoggi - Pack 4 ,0.64,KG,1.88,2.94,€
5832,2023-05-12 16:32:53,frigorífico, Iogurte Líquido de Morango/Banana Yoggi - Pack 4 ,0.64,KG,1.88,2.94,€
5833,2023-05-12 16:32:53,frigorífico, Iogurte Líquido Cremoso de Morango Yoggi - Pack 4 ,0.64,KG,1.88,2.94,€
5834,2023-05-12 16:32:53,frigorífico, Iogurte Líquido Pêssego Manga Yoggi - Pack 4 ,0.64,KG,1.88,11.75,€
5836,2023-05-12 16:32:53,frigorífico, Iogurte Líquido de Morango Yoggi - Pack 4 ,0.64,KG,1.88,2.94,€
5837,2023-05-12 16:32:53,frigorífico, Iogurte Líquido de Ananás e Coco Yoggi - Pack 4 ,0.64,KG,1.88,2.94,€
5838,2023-05-12 16:32:53,frigorífico, Iogurte Líquido de Banana Yoggi - Pack 4 ,0.64,KG,1.88,2.94,€
5839,2023-05-12 16:32:53,frigorífico, Iogurte Líquido de Frutos Silvestres Yoggi - Pack 4 ,0.64,KG,1.88,2.94,€
5840,2023-05-12 16:32:53,frigorífico, Iogurte Grego Natural Nestlé Yaos - Pack 4 ,0.44,KG,2.35,5.34,€
5841,2023-05-12 16:32:53,frigorífico, Iogurte Grego Stracciatella Nestlé Yaos - Pack 4 ,0.44,KG,2.35,5.34,€
5842,2023-05-12 16:32:53,frigorífico, Iogurte Líquido Magro de Manga Cenoura e Quinoa  Eleva Mimosa - Pack 4 ,0.624,L,1.97,3.16,€
5843,2023-05-12 16:32:53,frigorífico, Sobremesa de Leite de Coco Limão Andros & Vegetal - Pack 4 ,0.4,KG,2.25,5.63,€
5844,2023-05-12 16:32:53,frigorífico, Iogurte Sólido Magro de  Framboesa Amêndoa e Linhaça Eleva Mimosa - Pack 4 ,0.46,KG,1.87,4.07,€
5845,2023-05-12 16:32:53,frigorífico, Iogurte Líquido Magro sem Lactose de Kiwi Mimosa - Pack 4 ,0.624,L,2.16,3.48,€
5846,2023-05-12 16:32:53,frigorífico, Iogurte Líquido Magro Mirtilo Goji e Amêndoa  Eleva Mimosa - Pack 4 ,0.624,L,1.97,3.16,€
5847,2023-05-12 16:32:53,frigorífico, Iogurte Líquido sem Lactose de Morango Mimosa - Pack 4 ,0.624,L,2.05,3.31,€
5848,2023-05-12 16:32:53,frigorífico, Iogurte Líquido de Água de Coco e Ananás Corpos Danone - Pack 4 ,0.62,KG,1.77,2.86,€
5849,2023-05-12 16:32:53,frigorífico, Iogurte Líquido de Tutti Frutti Actimel - Pack 6 ,0.6,KG,2.63,4.38,€
5850,2023-05-12 16:32:53,frigorífico, Iogurte Líquido sem Lactose de Frutos Silvestres Yoggi - Pack 4 ,0.64,KG,2.15,3.36,€
5851,2023-05-12 16:32:53,frigorífico, Iogurte Líquido sem Lactose de Morango Yoggi - Pack 4 ,0.64,KG,2.15,3.36,€
5852,2023-05-12 16:32:53,frigorífico, Iogurte Líquido sem Lactose de Morango/Banana Yoggi - Pack 4 ,0.64,KG,2.15,3.36,€
5853,2023-05-12 16:32:53,frigorífico, Iogurte Líquido sem Lactose de Frutos Tropicais Yoggi - Pack 4 ,0.64,KG,2.15,3.36,€
5854,2023-05-12 16:32:53,frigorífico, Iogurte Líquido de Aveia e Linhaça Activia - Pack 4 ,0.62,KG,1.97,3.18,€
5855,2023-05-12 16:32:53,frigorífico, Iogurte Líquido de Lima e Limão 0% Activia - Pack 4 ,0.62,KG,1.97,3.18,€
5856,2023-05-12 16:32:53,frigorífico, Iogurte Líquido de Pêssego e Maracujá 0% Activia - Pack 4 ,0.62,KG,1.97,3.18,€
5857,2023-05-12 16:32:53,frigorífico, Iogurte Líquido de Morango e Kiwi 0% Activia - Pack 4 ,0.62,KG,1.97,3.18,€
5858,2023-05-12 16:32:53,frigorífico, Iogurte Líquido de Frutos Silvestres Corpos Danone - Pack 4 ,0.62,KG,1.77,2.86,€
5859,2023-05-12 16:32:53,frigorífico, Iogurte Líquido de Cereais Integrais Activia - Pack 4 ,0.62,KG,1.97,3.18,€
5860,2023-05-12 16:32:53,frigorífico, Iogurte Líquido de Kiwi Activia - Pack 4 ,0.62,KG,1.87,3.02,€
5861,2023-05-12 16:32:53,frigorífico, Iogurte Líquido de Morango Activia - Pack 4 ,0.62,KG,1.87,3.02,€
5862,2023-05-12 16:32:53,frigorífico, Iogurte Líquido de Frutos Silvestres 0% Activia - Pack 4 ,0.62,KG,1.97,3.18,€
5863,2023-05-12 16:32:53,frigorífico, Iogurte Líquido de Frutos Silvestres Activia - Pack 4 ,0.62,KG,1.87,3.02,€
5864,2023-05-12 16:32:53,frigorífico, Iogurte Líquido de Manga e Papaia Activia - Pack 4 ,0.62,KG,1.87,3.02,€
5865,2023-05-12 16:32:53,frigorífico, Iogurte Líquido de Romã e Framboesa Activia - Pack 4 ,0.62,KG,1.87,3.02,€
5866,2023-05-12 16:32:53,frigorífico, Iogurte Sólido Magro de Aromas Danone - Pack 8 ,8.0,UN,2.35,0.29,€
5867,2023-05-12 16:32:53,frigorífico, Iogurte Líquido de Morango Danacol - Pack 6 ,0.6,KG,2.82,4.7,€
5868,2023-05-12 16:32:53,frigorífico, Iogurte Líquido Natural Danacol - Pack 6 ,0.6,KG,2.82,4.7,€
5869,2023-05-12 16:32:53,frigorífico, Sobremesa de Leite de Coco Natural Andros & Vegetal - Pack 4 ,0.4,KG,2.25,5.63,€
5870,2023-05-12 16:32:53,frigorífico, Sobremesa de Leite de Coco Morango Andros & Vegetal - Pack 4 ,0.4,KG,2.25,5.63,€
5871,2023-05-12 16:32:53,frigorífico, Iogurte Líquido Magro Framboesa Maçã Eleva Mimosa - Pack 4 ,0.624,L,1.97,3.16,€
5872,2023-05-12 16:32:53,frigorífico, Iogurte Líquido Magro Morango Kiwi Eleva Mimosa - Pack 4 ,0.46,KG,1.97,4.28,€
5873,2023-05-12 16:32:53,frigorífico, Iogurte Sólido Magro de Kiwi Eleva Mimosa - Pack 4 ,0.46,KG,1.87,4.07,€
5874,2023-05-12 16:32:53,frigorífico, Iogurte Líquido Cremoso Laranja Cenoura Ginseng Mimosa - Pack 4 ,0.624,L,1.68,2.69,€
5875,2023-05-12 16:32:53,frigorífico, Iogurte Líquido Cremoso Morango Chocolate Chilli Mimosa - Pack 4 ,0.624,L,1.68,2.69,€
5876,2023-05-12 16:32:53,frigorífico, Iogurte Líquido Cremoso Banana Morango Mimosa - Pack 4 ,0.624,L,1.68,2.69,€
5877,2023-05-12 16:32:53,frigorífico, Iogurte Líquido Cremoso Morango Mimosa - Pack 4 ,0.624,L,1.68,2.69,€
5878,2023-05-12 16:32:53,frigorífico, Iogurte Líquido Magro de Laranja e Limão Mimosa - Pack 4 ,0.46,KG,1.77,3.85,€
5879,2023-05-12 16:32:53,frigorífico, Iogurte Líquido Cremoso Zero Morango Mimosa - Pack 4 ,0.624,L,1.77,2.84,€
5880,2023-05-12 16:32:53,frigorífico, Iogurte Líquido Magro de Morango e Melancia Mimosa - Pack 4 ,0.46,KG,1.77,3.85,€
5881,2023-05-12 16:32:53,frigorífico, Iogurte Líquido de Morango/Kiwi Corpos Danone - Pack 4 ,0.62,KG,1.77,2.86,€
5882,2023-05-12 16:32:53,frigorífico, Iogurte Líquido de Morango Actimel - Pack 6 ,0.6,KG,2.63,4.38,€
5883,2023-05-12 16:32:53,frigorífico, Iogurte Líquido de Morango Corpos Danone - Pack 4 ,0.62,KG,1.77,2.86,€
5884,2023-05-12 16:32:53,frigorífico, Iogurte Líquido Proteico de Pina Colada YoPro ,0.3,KG,1.87,6.23,€
5885,2023-05-12 16:32:53,frigorífico, Iogurte Líquido Proteico de Stracciatella YoPro ,0.3,KG,1.87,6.23,€
5886,2023-05-12 16:32:53,frigorífico, Iogurte Líquido Proteico de Pêssego e Maracujá YoPro ,0.3,KG,1.87,6.23,€
5887,2023-05-12 16:32:53,frigorífico, Kéfir de Morango Nestlé - Pack 6 ,0.6,KG,2.53,4.22,€
5888,2023-05-12 16:32:53,frigorífico, Iogurte Grego Caramelo Nestlé Yaos - Pack 4 ,0.44,KG,2.35,5.34,€
5889,2023-05-12 16:32:53,frigorífico, Iogurte Grego Morango Nestlé Yaos - Pack 4 ,0.44,KG,2.35,5.34,€
5890,2023-05-12 16:32:53,frigorífico, Iogurte Grego Pêssego Nestlé Yaos - Pack 4 ,0.44,KG,2.35,5.34,€
5891,2023-05-12 16:32:53,frigorífico, Iogurte Sólido de Aveia e Nozes Fibras & Cereais Activia - Pack 8 ,0.92,KG,3.76,4.09,€
5892,2023-05-12 16:32:53,frigorífico, Iogurte Proteico de Morango Yopro ,0.16,KG,1.21,7.56,€
5893,2023-05-12 16:32:53,frigorífico, Iogurte Grego Natural Danone Oikos ,0.9,KG,3.76,4.18,€
5894,2023-05-12 16:32:53,frigorífico, Iogurte Proteico de Mirtilo Yopro ,0.16,KG,1.21,7.56,€
5895,2023-05-12 16:32:53,frigorífico, Iogurte Grego Natural Ligeiro Danone Oikos - Pack 4 ,0.44,KG,1.88,4.27,€
5896,2023-05-12 16:32:53,frigorífico, Iogurte Grego de Morango Ligeiro Danone Oikos - Pack 4 ,0.44,KG,1.88,4.27,€
5897,2023-05-12 16:32:53,frigorífico, Kéfir Natural Nestlé ,0.15,KG,1.21,8.07,€
5898,2023-05-12 16:32:53,frigorífico, Iogurte Proteico de Caramelo Machhiato Yopro ,0.16,KG,1.21,7.56,€
5899,2023-05-12 16:32:53,frigorífico, Iogurte Grego com Granola e Morango Oikos ,0.118,KG,0.93,7.88,€
5900,2023-05-12 16:32:53,frigorífico, Iogurte Grego com Granola Chocolate e Amêndoa Oikos ,0.118,KG,0.93,7.88,€
5901,2023-05-12 16:32:53,frigorífico, Iogurte Bicompartimentado de Pintarolas Danone - Pack 2 ,0.22,KG,1.77,8.05,€
5902,2023-05-12 16:32:53,frigorífico, Queijo Mascarpone Solo Italia ,0.25,KG,3.15,12.6,€
5910,2023-05-12 16:32:53,frigorífico, Yofu de Soja Mirtilo Alpro ,0.5,KG,2.82,5.64,€
5911,2023-05-12 16:32:53,frigorífico, Iogurte de Soja Pêssego e Frutos Exóticos Alpro - Pack 4 ,0.5,KG,2.82,5.64,€
5912,2023-05-12 16:32:53,frigorífico, Yofu de Soja Natural Alpro ,0.5,KG,2.82,5.64,€
5913,2023-05-12 16:32:53,frigorífico, Yofu de Framboesa Arando e Amora Alpro ,0.5,KG,2.82,5.64,€
5914,2023-05-12 16:32:53,frigorífico, Yofu de Soja com Morango Alpro ,0.5,KG,2.82,5.64,€
5915,2023-05-12 16:32:53,frigorífico, Folhas Frescas para Lasanha Rana ,0.25,KG,2.53,10.12,€
5916,2023-05-12 16:32:53,frigorífico, Queijo de Ovelha Amanteigado Seia Lagos (Pequeno) ,1.0,UN,5.65,5.65,€
5917,2023-05-12 16:32:53,frigorífico, Queijo Mozzarella Búfala Pingo Doce ,0.125,KG,1.64,13.12,€
5918,2023-05-12 16:32:53,frigorífico, Creme Vegetal Becel Pro-Active ,0.45,KG,6.79,15.09,€
5919,2023-05-12 16:32:53,frigorífico, Creme Vegetal Sabor a Manteiga Becel Pro-Activ ,0.45,KG,6.99,15.53,€
5921,2023-05-12 16:32:53,frigorífico, Tortellini Bolonhesa Rana ,0.25,KG,3.49,13.96,€
5925,2023-05-12 16:32:53,frigorífico, Tortellini 4 Queijos Rana ,0.25,KG,3.49,13.96,€
5926,2023-05-12 16:32:53,frigorífico, Tortellini Atum e Tomate Rena ,0.25,KG,3.49,13.96,€
5927,2023-05-12 16:32:53,frigorífico, Tortellini com Fiambre e Queijo Rana ,0.25,KG,3.49,13.96,€
5928,2023-05-12 16:32:53,frigorífico, Ravioli de Abóbora e Cebola Caramelizada Rana ,0.25,KG,3.79,15.16,€
5929,2023-05-12 16:32:53,frigorífico, Ravioli de Queijo de Cabra e Cebola Caramelizada Gourmet Rana ,0.25,KG,3.99,15.96,€
5930,2023-05-12 16:32:53,frigorífico, Lasanha à Bolonhesa Rana ,0.35,KG,3.99,11.4,€
5931,2023-05-12 16:32:53,frigorífico, Yofu de Soja com Baunilha Alpro ,0.5,KG,2.82,5.64,€
5932,2023-05-12 16:32:53,frigorífico, Queijo Mozzarella Ralado Pingo Doce ,0.2,KG,1.78,8.9,€
5935,2023-05-12 16:32:53,frigorífico, Queijo de Ovelha Curado Pastor da Beira Alta ,1.0,KG,16.97,16.97,€
5936,2023-05-12 16:32:53,frigorífico, Tortellini Ricota com Espinafres Rana ,0.25,KG,3.79,15.16,€
5939,2023-05-12 16:32:53,frigorífico, Queijo Flamengo Fatiado Light Limiano ,0.2,KG,2.72,13.6,€
5940,2023-05-12 16:32:53,frigorífico, Queijo Flamengo Fatiado Limiano ,0.2,KG,2.63,13.15,€
5941,2023-05-12 16:32:53,frigorífico, Queijo de Ovelha Médio Seia do Tavares ,1.0,UN,11.27,11.27,€
5942,2023-05-12 16:32:53,frigorífico, Manteiga com Sal Marinho Primor ,0.125,KG,1.87,14.96,€
5943,2023-05-12 16:32:53,frigorífico, Creme de Barrar Soya Alpro ,0.5,KG,3.49,6.98,€
5944,2023-05-12 16:32:53,frigorífico, Queijo Cura Tradicional Serra Dourada ,1.2,KG,12.82,12.82,€
5945,2023-05-12 16:32:53,frigorífico, Iogurte de Coco e Stracciatela Absolutely Alpro ,0.12,KG,1.4,11.67,€
5946,2023-05-12 16:32:53,frigorífico, Iogurte de Soja e Frutos Vermelhos sem Açúcar Alpro ,0.4,KG,2.82,7.05,€
5947,2023-05-12 16:32:53,frigorífico, Iogurte de Soja Ananás Maracujá sem Açúcar Alpro ,0.4,KG,2.82,7.05,€
5950,2023-05-12 16:32:53,frigorífico, Pudim de Chocolate com Proteína Ehrmann ,0.2,KG,1.89,9.45,€
5951,2023-05-12 16:32:53,frigorífico, Pudim de Baunilha com Proteína Ehrmann ,0.2,KG,1.89,9.45,€
5952,2023-05-12 16:32:53,frigorífico, Yofu de Soja Natural sem Açúcar Alpro ,0.5,KG,2.82,5.64,€
5953,2023-05-12 16:32:53,frigorífico, Queijo Amanteigado Inteiro Paiva ,1.08,KG,13.85,13.85,€
5954,2023-05-12 16:32:53,frigorífico, Queijo Prato Meio Gordo Paiva ,0.5,KG,13.85,13.85,€
5955,2023-05-12 16:32:53,frigorífico, Iogurte Líquido Proteico Banana Go Active Pingo Doce ,0.23,KG,0.93,4.04,€
5956,2023-05-12 16:32:53,frigorífico, Queijo de Azeitão DOP Pingo Doce ,0.24,KG,6.12,25.5,€
5957,2023-05-12 16:32:53,frigorífico, Queijo Fundido Light Pingo Doce ,0.25,KG,2.16,8.64,€
5958,2023-05-12 16:32:53,frigorífico, Queijo Flamengo Barra Mimosa ,0.2,KG,10.55,10.55,€
5959,2023-05-12 16:32:53,frigorífico, Manteiga sem Sal Primor ,0.25,KG,2.25,9.0,€
5960,2023-05-12 16:32:53,frigorífico, Creme Vegetal Planta ,0.225,KG,1.89,8.4,€
5961,2023-05-12 16:32:53,frigorífico, Sumo de Maçã Bio Delizum ,1.0,L,4.49,4.49,€
5962,2023-05-12 16:32:53,frigorífico, Sumo de Manga Bio Delizum ,1.0,L,4.49,4.49,€
5963,2023-05-12 16:32:53,frigorífico, Sumo de Laranja Espremido Biológico Delizum ,1.0,L,4.49,4.49,€
5965,2023-05-12 16:32:53,frigorífico, Queijo Cottage Pingo Doce ,0.2,KG,0.93,4.65,€
5966,2023-05-12 16:32:53,frigorífico, Smoothie Manga e Maracujá Innocent ,0.25,L,2.09,8.36,€
5967,2023-05-12 16:32:53,frigorífico, Tábua de Queijos Clássicos Santiago ,0.27,KG,6.59,24.41,€
5968,2023-05-12 16:32:53,frigorífico, Sumo de Clementina Innocent ,0.9,L,3.09,3.43,€
5969,2023-05-12 16:32:53,frigorífico, Iogurte Líquido Tropical Pro+ Kvarg Lindahls ,0.33,L,1.79,5.42,€
5970,2023-05-12 16:32:53,frigorífico, Iogurte Líquido Stracciatella Pro+ Kvarg Lindahls ,0.33,L,1.79,5.42,€
5971,2023-05-12 16:32:53,frigorífico, Iogurte Magro Duo Amora Framboesa Longa Vida - Pack 4 ,0.48,KG,2.15,4.48,€
5972,2023-05-12 16:32:53,frigorífico, Iogurte Natural Longa Vida - Pack 6 ,0.72,KG,2.34,3.25,€
5973,2023-05-12 16:32:53,frigorífico, Iogurte Magro Morango Longa Vida - Pack 6 ,0.72,KG,2.15,2.99,€
5974,2023-05-12 16:32:53,frigorífico, Iogurte Artesanal Estilo Grego Pastoret ,0.125,KG,0.93,7.44,€
5975,2023-05-12 16:32:53,frigorífico, Queijo Fundido Light A Vaca que Ri ,0.375,KG,4.04,10.77,€
5976,2023-05-12 16:32:53,frigorífico, Iogurte Líquido Magro de Frutos Exóticos Longa Vida - Pack 4 ,0.64,KG,1.87,2.92,€
5977,2023-05-12 16:32:53,frigorífico, Iogurte Líquido Magro de Morango Longa Vida - Pack 4 ,0.64,KG,1.87,2.92,€
5978,2023-05-12 16:32:53,frigorífico, Iogurte Natural Nestlé Yaos ,0.45,KG,2.06,4.58,€
5979,2023-05-12 16:32:53,frigorífico, Iogurte Cremoso Proteíco de Limão Go Active Pingo Doce - Pack 4 ,0.5,KG,1.78,3.56,€
5980,2023-05-12 16:32:53,frigorífico, Yofu de Coco e Ananás Alpro ,0.12,KG,1.4,11.67,€
5981,2023-05-12 16:32:53,frigorífico, Queijo Milhafre dos Açores ,1.15,KG,13.66,13.66,€
5982,2023-05-12 16:32:53,frigorífico, Queijo Prato Meio Gordo Queijaria das Pousadas ,0.9,KG,12.65,12.65,€
5983,2023-05-12 16:32:53,frigorífico, Queijo Fundido Light Palitos A Vaca que Ri ,0.14,KG,2.34,16.71,€
5984,2023-05-12 16:32:53,frigorífico, Manteiga com Sal Gresso ,0.25,KG,2.11,8.44,€
5985,2023-05-12 16:32:53,frigorífico, Queijo Mascarpone Galbani ,0.25,KG,4.1,16.4,€
5986,2023-05-12 16:32:53,frigorífico, Queijo Mozzarella Galbani ,0.125,KG,1.74,13.92,€
5987,2023-05-12 16:32:53,frigorífico, Creme Vegetal para Culinária Vaqueiro ,1.0,KG,4.99,4.99,€
6005,2023-05-12 16:32:53,frigorífico, Queijo Fresco Magro Matinal ,0.216,KG,2.25,10.42,€
6006,2023-05-12 16:32:53,frigorífico, Queijo Fresco Matinal ,0.216,KG,2.25,10.42,€
6007,2023-05-12 16:32:53,frigorífico, Queijo Mini Babybel ,0.24,KG,4.23,17.63,€
6008,2023-05-12 16:32:53,frigorífico, Queijo Flamengo Light Mimosa ,0.2,KG,2.53,12.65,€
6009,2023-05-12 16:32:53,frigorífico, Queijo de Ovelha Curado Lagos Seia (Médio) ,1.0,UN,9.42,9.42,€
6010,2023-05-12 16:32:53,frigorífico, Iogurte Sólido Aroma Morango Banana e Ananás Mimosa - Pack 8 ,0.96,KG,1.87,1.95,€
6011,2023-05-12 16:32:53,frigorífico, Iogurte Sólido AromaMorango Coco e Tutti Frutti Mimosa - Pack 8 ,0.96,KG,1.87,1.95,€
6012,2023-05-12 16:32:53,frigorífico, Queijo Mini Light Babybel ,0.24,KG,4.33,18.04,€
6013,2023-05-12 16:32:53,frigorífico, Manteiga Magra Président ,0.25,KG,2.78,11.12,€
6014,2023-05-12 16:32:53,frigorífico, Queijo Curado Queijaria das Pousadas ,1.03,KG,12.65,12.65,€
6015,2023-05-12 16:32:53,frigorífico," Queijo de Vaca, Ovelha e Cabra 2 Meses de Cura Pequeno Três Igrejas ",1.09,KG,15.08,15.08,€
6016,2023-05-12 16:32:53,frigorífico, Manteiga Magra Matinal ,0.25,KG,2.34,9.36,€
6017,2023-05-12 16:32:53,frigorífico, Gelatina de Melancia Koala ,0.13,KG,1.14,8.77,€
6018,2023-05-12 16:32:53,frigorífico, Queijo Flamengo Bola Quartos Primor ,0.35,KG,3.85,11.0,€
6019,2023-05-12 16:32:53,frigorífico, Queijo de Cabra da Serra da Gardunha Pingo Doce ,1.0,UN,5.65,5.65,€
6020,2023-05-12 16:32:53,frigorífico, Lasanha Bolonhesa Pingo Doce ,0.4,KG,2.49,6.23,€
6021,2023-05-12 16:32:53,frigorífico, Massa Folhada Quadrados Pasta do Dia ,0.3,KG,2.39,7.97,€
6022,2023-05-12 16:32:53,frigorífico, Queijo Fatiado Curado Receita Original Castelões ,0.4,KG,4.7,11.75,€
6023,2023-05-12 16:32:53,frigorífico, Queijo Fatiado Curado Receita Original sem Lactose Castelões ,0.3,KG,4.14,13.8,€
6024,2023-05-12 16:32:53,frigorífico, Queijo Ralado Mozzarella Campainha ,0.15,KG,1.87,12.47,€
6025,2023-05-12 16:32:53,frigorífico, Queijo Caprice des Dieux ,0.2,KG,4.7,23.5,€
6026,2023-05-12 16:32:53,frigorífico, Queijo da Ilha Graciosa Fatiado 3 Meses de Cura Milhafre dos Açores ,0.28,KG,4.23,15.11,€
6027,2023-05-12 16:32:53,frigorífico, Pizza Deep Pan de Pepperoni e Fiambre Pingo Doce ,0.53,KG,3.79,7.15,€
6028,2023-05-12 16:32:53,frigorífico, Iogurte Líquido Natural Probiótico Pingo Doce - Pack 4 ,0.68,KG,1.76,2.59,€
6029,2023-05-12 16:32:53,frigorífico, Iogurte Natural Probiótico Pingo Doce - Pack 2 ,0.25,KG,0.75,3.0,€
6030,2023-05-12 16:32:53,frigorífico, Lasanha de Vegetais Pingo Doce ,0.4,KG,2.49,6.23,€
6031,2023-05-12 16:32:53,frigorífico, Massa Tenra Pasta do Dia ,0.3,KG,2.79,9.3,€
6032,2023-05-12 16:32:53,frigorífico, Sumo Mirtilo e Framboesa Fresco Compal ,0.25,L,1.79,7.16,€
6033,2023-05-12 16:32:53,frigorífico, Gelatina de Maracujá 0% Açúcar Koala ,0.13,KG,1.39,10.69,€
6034,2023-05-12 16:32:53,frigorífico, Pizza Deep Pan de Queijos Pingo Doce ,0.5,KG,3.79,7.58,€
6035,2023-05-12 16:32:53,frigorífico, Queijo de Barrar Natural Philadelphia ,0.15,KG,2.16,14.4,€
6036,2023-05-12 16:32:53,frigorífico, Queijo de Barrar Light Philadelphia ,0.15,KG,2.16,14.4,€
6037,2023-05-12 16:32:53,frigorífico, Creme Vegetal sem Sal Vioblock ,0.25,KG,2.99,11.96,€
6038,2023-05-12 16:32:53,frigorífico, Queijo Flamengo Light Fatiado Campainha ,0.4,KG,4.33,10.83,€
6039,2023-05-12 16:32:53,frigorífico, Queijo de Ovelha e Alecrim Iguarias Pingo Doce ,0.2,KG,4.14,20.7,€
6040,2023-05-12 16:32:53,frigorífico, Queijo de Ovelha e Alho Negro Iguarias Pingo Doce ,0.18,KG,4.14,23.0,€
6041,2023-05-12 16:32:53,frigorífico, Tábua de Queijos Sabores Mistura Santiago ,1.0,UN,5.65,5.65,€
6043,2023-05-12 16:32:53,frigorífico, Gelatina de Pêssego 0% Açúcar Koala ,0.13,KG,1.39,10.69,€
6049,2023-05-12 16:32:53,frigorífico, Queijo Mini Mix Babybel ,0.18,KG,3.95,21.94,€
6050,2023-05-12 16:32:53,frigorífico, Queijo Fatiado Milhafre dos Açores ,0.2,KG,2.5,12.5,€
6051,2023-05-12 16:32:53,frigorífico, Queijo Flamengo Fatiado Terra Nostra ,0.4,KG,4.89,12.22,€
6052,2023-05-12 16:32:53,frigorífico, Pudim de Duplo Chocolate com Proteína Ehrmann ,0.2,KG,1.99,9.95,€
6053,2023-05-12 16:32:53,frigorífico, Queijo Fresco Light Cottage Cheese Corpos Danone ,0.18,KG,1.87,10.39,€
6057,2023-05-12 16:32:53,frigorífico, Manteiga com Sal Milhafre dos Açores ,0.25,KG,2.25,9.0,€
6058,2023-05-12 16:32:53,frigorífico, Queijo Flamengo Barra para Fatiar Terra Nostra ,0.2,KG,10.74,10.74,€
6059,2023-05-12 16:32:53,frigorífico, Iogurte Magro de Fruta Batida Limão e Gengibre Pingo Doce (min. 4 un) ,0.125,KG,0.39,3.12,€
6060,2023-05-12 16:32:53,frigorífico, Iogurte Magro de Fruta Batida Morango e Menta Pingo Doce (min. 4 un) ,0.125,KG,0.39,3.12,€
6061,2023-05-12 16:32:53,frigorífico, Queijo Ovelha e Vaca Serras de Penela - Pack 3 ,3.0,UN,3.99,1.33,€
6062,2023-05-12 16:32:53,frigorífico, Creme Vegetal Líquido para Culinária Vaqueiro ,0.5,L,2.79,5.58,€
6063,2023-05-12 16:32:53,frigorífico, Queijo Flamengo Bola Quarto Terra Nostra ,0.35,KG,3.29,9.4,€
6064,2023-05-12 16:32:53,frigorífico, Queijo Prato Amanteigado Pingo Doce ,1.0,UN,4.49,4.49,€
6065,2023-05-12 16:32:53,frigorífico, Creme Vegetal Sabor a Manteiga com Sal Marinho Planta ,0.45,KG,3.19,7.09,€
6066,2023-05-12 16:32:53,frigorífico, Queijo Emmental Président ,0.25,KG,4.03,16.12,€
6067,2023-05-12 16:32:53,frigorífico, Queijo Flamengo Fatiado Limiano ,0.4,KG,4.14,10.35,€
6068,2023-05-12 16:32:53,frigorífico, Creme Vegetal para Culinária Becel ,0.45,KG,2.39,5.31,€
6069,2023-05-12 16:32:53,frigorífico, Queijo Meio Gordo D. Pedro ,1.02,KG,10.84,10.84,€
6070,2023-05-12 16:32:53,frigorífico, Queijo Prato Castelões ,1.16,KG,11.21,11.21,€
6071,2023-05-12 16:32:53,frigorífico, Queijo Mini Babybel Light ,0.12,KG,1.96,16.33,€
6072,2023-05-12 16:32:53,frigorífico, Queijo para Barrar Alho e Ervas Boursin ,0.15,KG,2.15,14.33,€
6073,2023-05-12 16:32:53,frigorífico, Queijo Fatiado Castelões ,0.2,KG,2.12,10.6,€
6074,2023-05-12 16:32:53,frigorífico, Requeijão de Ovelha Azeitão Santiago ,1.0,UN,1.69,1.69,€
6075,2023-05-12 16:32:53,frigorífico, Manteiga com Sal Fácil de Barrar Mimosa ,0.25,KG,2.06,8.24,€
6076,2023-05-12 16:32:53,frigorífico, Queijo Mozzarella Mini Galbani ,0.15,KG,2.41,16.07,€
6077,2023-05-12 16:32:53,frigorífico, Queijo Prato Misto Vaca e Ovelha sem Lactose Alvelhe ,1.1,KG,9.79,9.79,€
6078,2023-05-12 16:32:53,frigorífico, Queijo Prato Curado Amanteigado D. Pedro ,1.1,KG,10.84,10.84,€
6079,2023-05-12 16:32:53,frigorífico, Queijo Prato Meio Gordo Apimentado D. Pedro ,1.0,KG,10.84,10.84,€
6080,2023-05-12 16:32:53,frigorífico, Queijo Flamengo Fatiado Light Limiano ,0.4,KG,4.24,10.6,€
6081,2023-05-12 16:32:53,frigorífico, Queijo Picante da Beira Baixa 1/4 Pingo Doce ,1.0,UN,4.1,4.1,€
6082,2023-05-12 16:32:53,frigorífico, Queijo de Cabra Curado Seia Pequeno Lagos ,1.0,UN,4.71,4.71,€
6083,2023-05-12 16:32:53,frigorífico, Queijo Curado de Vaca e Ovelha Amanteigado sem Casca Limiano ,0.45,KG,4.98,11.07,€
6084,2023-05-12 16:32:53,frigorífico, Queijo Flamengo Bola Metade Agros ,0.7,KG,6.69,9.56,€
6085,2023-05-12 16:32:53,frigorífico, Queijo Três Igrejas ,0.45,KG,6.59,14.65,€
6086,2023-05-12 16:32:53,frigorífico, Queijo Flamengo Bola Limiano ,1.55,KG,9.61,9.61,€
6087,2023-05-12 16:32:53,frigorífico, Queijo Ralado Parmesão DOP Iguarias Pingo Doce ,0.06,KG,1.4,23.33,€
6088,2023-05-12 16:32:53,frigorífico, Queijo Cottage Matinal ,0.18,KG,1.49,8.28,€
6089,2023-05-12 16:32:53,frigorífico, Manteiga com Alho e Ervas Mimosa ,0.125,KG,1.4,11.2,€
6090,2023-05-12 16:32:53,frigorífico, Queijo Curado São Luiz Barra Milhafre ,0.2,KG,9.42,9.42,€
6091,2023-05-12 16:32:53,frigorífico, Queijo Flamengo Fatiado Light Agros ,0.17,KG,1.97,11.59,€
6092,2023-05-12 16:32:53,frigorífico, Queijo Flamengo Fatiado Campainha ,0.8,KG,6.59,8.24,€
6093,2023-05-12 16:32:53,frigorífico, Creme Vegetal Sabor Manteiga Magro Planta ,0.225,KG,1.79,7.96,€
6094,2023-05-12 16:32:53,frigorífico, Creme Vegetal Sabor Manteiga Planta ,0.4,KG,2.55,6.38,€
6095,2023-05-12 16:32:53,frigorífico, Creme Vegetal Sabor Manteiga Planta ,0.225,KG,1.79,7.96,€
6096,2023-05-12 16:32:53,frigorífico, Creme Vegetal Sabor Manteiga Becel ,0.4,KG,2.85,7.12,€
6097,2023-05-12 16:32:53,frigorífico, Creme Vegetal Becel ,0.4,KG,2.88,7.2,€
6098,2023-05-12 16:32:53,frigorífico, Creme Vegetal Planta ,0.9,KG,4.79,5.32,€
6099,2023-05-12 16:32:53,frigorífico, Creme Vegetal Sabor a Manteiga Planta ,0.9,KG,4.99,5.54,€
6100,2023-05-12 16:32:53,frigorífico, Tagliatelle Bolonhesa Kit Rana ,0.408,KG,3.74,9.17,€
6101,2023-05-12 16:32:53,frigorífico, Taglionili de Cogumelos Kit Rana ,0.407,KG,3.74,9.19,€
6102,2023-05-12 16:32:53,frigorífico, Tagliatelle Carbonara Kit Rana ,0.408,KG,3.74,9.17,€
6103,2023-05-12 16:32:53,frigorífico, Gnocchi de Batata Garofalo ,0.5,KG,2.39,4.78,€
6104,2023-05-12 16:32:53,frigorífico, Shot de Gengibre Defense So Natural ,0.125,L,1.19,9.52,€
6105,2023-05-12 16:32:53,frigorífico, Queijo Flamengo Fatiado Agros ,0.2,KG,1.97,9.85,€
6106,2023-05-12 16:32:53,frigorífico, Manteiga sem Sal Mimosa ,0.25,KG,2.01,8.04,€
6107,2023-05-12 16:32:53,frigorífico, Manteiga com Sal Mimosa ,0.25,KG,2.01,8.04,€
6108,2023-05-12 16:32:53,frigorífico, Manteiga Light Mimosa ,0.25,KG,2.01,8.04,€
6109,2023-05-12 16:32:53,frigorífico, Manteiga com Sal Mimosa ,0.125,KG,1.21,9.68,€
6110,2023-05-12 16:32:53,frigorífico, Iogurte Batido com Pedaços de Framboesa Pingo Doce - Pack 2 ,0.25,KG,0.96,3.84,€
6111,2023-05-12 16:32:53,frigorífico, Iogurte Batido com Pedaços de Maçã e Canela Pingo Doce - Pack 2 ,0.25,KG,0.96,3.84,€
6112,2023-05-12 16:32:53,frigorífico, Queijo Quark Santiago ,0.2,KG,0.93,4.65,€
6113,2023-05-12 16:32:53,frigorífico, Queijo Fresco Pequeno Tété ,0.16,KG,1.09,6.81,€
6114,2023-05-12 16:32:53,frigorífico, Queijo Edam Fatiado Pingo Doce ,0.2,KG,1.54,7.7,€
6115,2023-05-12 16:32:53,frigorífico, Queijo Mini Eru Kids ,0.08,KG,1.87,23.37,€
6116,2023-05-12 16:32:53,frigorífico, Manteiga sem Lactose Mimosa ,0.25,KG,2.16,8.64,€
6117,2023-05-12 16:32:53,frigorífico, Queijo Mini Babybel ,0.12,KG,1.87,15.58,€
6118,2023-05-12 16:32:53,frigorífico, Requeijão de Ovelha Seia Lagos ,0.2,KG,1.84,9.2,€
6119,2023-05-12 16:32:53,frigorífico, Queijos sem Lactose -30% Gordura Fatiado Castelões ,0.15,KG,1.83,12.2,€
6120,2023-05-12 16:32:53,frigorífico, Manteiga com Sal Nova Açores ,0.25,KG,2.06,8.24,€
6121,2023-05-12 16:32:53,frigorífico, Requeijão de Ovelha e Cabra Pingo Doce ,0.2,KG,1.49,7.45,€
6122,2023-05-12 16:32:53,frigorífico, Queijo Fresco Montiqueijo ,0.2,KG,1.12,5.6,€
6123,2023-05-12 16:32:53,frigorífico, Requeijão Embalado Montiqueijo ,0.19,KG,1.27,6.68,€
6124,2023-05-12 16:32:53,frigorífico, Queijo Gouda Fatiado Pingo Doce ,0.2,KG,1.5,7.5,€
6125,2023-05-12 16:32:53,frigorífico, Queijo Ralado Flamengo Campainha ,0.15,KG,1.4,9.33,€
6126,2023-05-12 16:32:53,frigorífico, Queijo Cheddar Fatiado Campainha ,0.15,KG,1.68,11.2,€
6127,2023-05-12 16:32:53,frigorífico, Queijo Fundido A Vaca que Ri ,0.125,KG,1.59,12.72,€
6128,2023-05-12 16:32:53,frigorífico, Queijo Fundido Light A Vaca que Ri ,0.125,KG,1.59,12.72,€
6129,2023-05-12 16:32:53,frigorífico, Smoothie+ Leite de Coco e Frutos Vermelhos Pingo Doce ,0.25,L,0.99,3.96,€
6130,2023-05-12 16:32:53,frigorífico, Queijo de Ovelha Grande Seia do Tavares ,0.99,KG,16.3,16.3,€
6131,2023-05-12 16:32:53,frigorífico, Sumo de Beterraba Sonatural ,0.75,L,3.49,4.65,€
6132,2023-05-12 16:32:53,frigorífico, Sumo Laranja do Algarve Fresco Compal ,0.25,L,1.29,5.16,€
6133,2023-05-12 16:32:53,frigorífico, Sumo Frutos do Pomar Fresco Compal ,0.25,L,1.39,5.56,€
6134,2023-05-12 16:32:53,frigorífico, Sumo Laranja do Algarve Fresco Compal ,0.75,L,2.49,3.32,€
6135,2023-05-12 16:32:53,frigorífico, Sumo Frutos do Pomar Fresco Compal ,0.75,L,2.59,3.45,€
6136,2023-05-12 16:32:53,frigorífico, Sumo Pêssego e Clementina Fresco Compal ,0.25,L,1.39,5.56,€
6137,2023-05-12 16:32:53,frigorífico, Sumo Pêssego e Clementina Fresco Compal ,0.75,L,2.59,3.45,€
6138,2023-05-12 16:32:53,frigorífico, Massa Filó Zimi ,0.3,KG,2.79,9.3,€
6139,2023-05-12 16:32:53,frigorífico, Sumo de Maçã Espremido Pingo Doce ,0.75,L,1.39,1.85,€
6177,2023-05-12 16:32:53,frigorífico, Iogurte Soja sem Açúcar Manga Alpro ,0.135,KG,1.16,8.59,€
6178,2023-05-12 16:32:53,frigorífico, Iogurte Soja sem Açúcar Ananás Maracujá Alpro ,0.135,KG,1.16,8.59,€
6179,2023-05-12 16:32:53,frigorífico, Iogurte Soja sem Açúcar Frutos Vermelhos Alpro ,0.135,KG,1.16,8.59,€
6180,2023-05-12 16:32:53,frigorífico, Iogurte Líquido sem Lactose de Mirtilo e Chá Verde Mimosa - Pack 4 ,0.624,KG,3.1,19.87,€
6181,2023-05-12 16:32:53,frigorífico, Iogurte Skyr de Soja Natural Alpro ,0.4,KG,2.82,7.05,€
6182,2023-05-12 16:32:53,frigorífico, Iogurte Skyr de Soja Morango Alpro ,0.4,KG,2.82,7.05,€
6183,2023-05-12 16:32:53,frigorífico, Iogurte Sólido Magro Coco Manga e Pêssego Mimosa - Pack 8 ,0.96,KG,2.34,2.44,€
